3622 5658
755 339 963 422 emmena
1079 437 1083 444 1

753 550 931 619 Ρ-Ηιιιιιι.
1143 601 1146 608 .

516 655 555 720 Iu
579 653 631 722 hie
655 653 772 722 dietuet
794 655 874 723 milri
899 656 978 726 loeis
999 655 1145 726 hahitire
1167 657 1376 742 Periphanes.
1481 715 1482 720 ,

394 764 404 774 “
728 761 960 836 Punrruanus.

268 869 320 934 lde
341 829 421 935 haee
444 866 600 934 meminit:
574 865 720 932 teredo
743 867 790 934 illi
812 886 872 950 ege
895 867 1034 956 hdepitio
1056 886 1134 936 neue
1158 869 1265 937 evenit
1287 871 1370 941 med

753 973 932 1044 Parumne.

184 1078 347 1148 Pervelim
369 1076 549 1144 mercedem
572 1076 660 1160 daie,
683 1077 738 1160 qui
760 1083 913 1146 monstret
935 1081 979 1147 mi
994 1081 1263 1164 heminemveum,
1287 1087 1343 1150 aut
1365 1081 1421 1150 ubi
1442 1081 1498 1148 hd-

1139 1187 1227 1254 bitet.
1441 1199 1498 1268 (10)

357 1357 363 1366 ,
533 1353 535 1356 ,
731 1289 962 1356 Ριιιιιιιιιιιιι.
1342 1359 1345 1366 ,

186 1397 320 1466 Noscito
344 1415 404 1479 ege
426 1393 521 1477 hane,
543 1414 619 1459 nam
640 1392 753 1461 videor
773 1395 883 1468 neseio
907 1398 961 1464 ubi
982 1397 1104 1464 vidisse
1126 1419 1178 1464 me
1200 1399 1298 1483 priris,
1364 1431 1367 1438 ¹

317 1503 415 1567 Estne
437 1520 477 1565 ea
500 1500 542 1565 dn
564 1520 629 1566 nen
652 1520 691 1566 ea
713 1501 772 1584 eet,
796 1522 894 1585 quam
916 1503 1042 1572 animus
1065 1504 1151 1614 retur
1174 1505 1287 1572 meis?
1406 1529 1420 1566 ι

757 1609 937 1675 Pmmeen.
1511 1597 1513 1616 ”

96 1726 161 1784 525
250 1774 254 1780 .
309 1713 351 1780 Ι)ἰ
373 1715 463 1782 beni!
487 1713 618 1782 visitdvi
639 1713 724 1780 hune
748 1735 790 1780 an
813 1714 876 1780 ndu
900 1713 1073 1780 antidhde‘?

729 1822 960 1888 Permanere.

188 1925 284 1992 (terto
307 1906 346 1990 ea
369 1925 429 2008 est,
455 1945 552 2008 quam
573 1925 607 1990 in
629 1925 793 2011 Epidauri
816 1925 1046 2012 paupereuldm
1069 1925 1199 1994 memini
1223 1927 1442 2034 pemprimere.

753 2031 932 2098 Ριιιιιιιι.

188 2135 303 2202 Palam
325 2135 431 2202 hieine
454 2134 512 2217 eat,
489 2137 592 2220 iqui
613 2137 647 2202 in
668 2137 832 2222 Epidauri>
855 2139 975 2222 primus
991 2135 1178 2221 pudicitiam
1194 2137 1273 2204 mihi
1286 2137 1419 2223 pepulit.
1439 2147 1496 2219 (15)

727 2244 958 2310 Pnnrnflnnna

187 2347 280 2426 Quae
300 2347 373 2414 med
397 2367 582 2432 compressu
604 2347 730 2434 peperit
752 2348 861 2432 filiam,
885 2369 981 2434 quam
1005 2337 1091 2417 demi
1112 2370 1196 2417 nune
1218 2350 1333 2417 hdbee.

753 2455 931 2522 Paruum.

187 2557 324 2638 Quidni
347 2558 487 2626 adeam?

726 2665 958 2732 Pnnrrnanua
1227 2739 1229 2746 ¹

522 2770 619 2837 Haid
642 2770 708 2838 seio
732 2793 775 2841 au
797 2772 997 2857 congrediar,
1021 2774 1050 2840 si
1073 2773 1155 2841 haee
1179 2793 1218 2840 ea
1241 2773 1301 2840 eet.

750 2880 962 2948 Pmmrnen..

1209 2985 1295 3053 siis
1318 2991 1367 3052 eat
1388 2985 1495 3070 hemd,
1600 2937 1622 3007 ’ἵ

107 3100 168 3156 530
185 3088 274 3156 Sient
298 3090 373 3155 inni
396 3089 488 3156 multi
511 3086 640 3157 dubiam
663 3109 715 3158 me
737 3090 870 3174 dandal,
895 3093 1085 3159 convenere.

622 3237 623 3242 =
730 3199 960 3264 reimundus.

187 3300 312 3384 Longa
324 3299 393 3368 dide
416 3320 521 3367 meum
544 3271 681 3370 ineertat
703 3304 853 3370 inimum.
877 3304 905 3372 si
929 3308 1050 3412 eaesi,
1074 3303 1315 3388 quaminoerto
1339 3323 1382 3372 au
1382 3306 1480 3388 t,um6

189 3405 272 3472 Astu
294 3405 379 3474 hane
403 3407 604 3492 edngrediar.

263 3648 326 3704 520.
346 3648 426 3707 eedd.
444 3633 515 3705 leeie
532 3649 659 3706 habitare
677 3650 757 3706 mihi:
777 3665 830 3710 een.
849 3652 917 3708 mihi
934 3652 1004 3709 loeis
1022 3652 1154 3710 habitare.
1191 3652 1254 3710 521.
1273 3652 1355 3710 eedd.
1374 3654 1499 3712 nominat

184 3735 268 3791 haee:
288 3753 340 3795 aer.
359 3736 430 3792 haee
447 3740 580 3795 nominat.
634 3739 745 3793 Deinde
764 3739 846 3796 eodd.
866 3755 918 3810 ege
937 3742 990 3797 illi:
1009 3758 1061 3800 aer.
1080 3742 1120 3798 illi
1141 3758 1202 3814 ego.
1257 3740 1385 3812 Denique
1405 3745 1500 3800 evenit
1572 3808 1582 3820 Ι

185 3824 351 3882 Lambinus:
381 3827 463 3884 eodd.
481 3829 602 3897 inuenit,
631 3842 685 3886 em.
705 3843 775 3899 mee,
800 3829 879 3896 quod
902 3829 1012 3885 eddidit
1029 3830 1239 3885 Lindemanuus
1258 3832 1286 3885 in
1305 3831 1387 3890 Jahn.
1405 3833 1498 3888 annal.

185 3915 256 3970 1837
275 3931 302 3984 p.
323 3917 386 3984 168.
440 3916 502 3972 522.
522 3915 602 3986 eedd.
621 3930 684 3990 eum
703 3914 770 3973 mihi
789 3916 942 3977 hominem:
962 3933 1014 3978 uer.
1033 3917 1070 3972 mi
1089 3917 1230 3973 hominem
1249 3933 1321 3974 eum.
1377 3921 1438 3979 523.
1458 3921 1498 3976 vi·
1555 3919 1561 3943 ‘¹
1637 3891 1646 3900 .

185 4005 261 4060 disee
279 4021 322 4060 me
342 4003 474 4061 Bethiua:
494 4003 576 4059 eedd.
595 4019 639 4059 me
657 4005 773 4064 uidisse.
832 4003 894 4064 524.
913 4021 969 4062 non
988 4022 1023 4061 ea
1041 4011 1086 4062 est
1102 4005 1234 4062 Bothius:
1254 4007 1334 4066 eedd
1354 4025 1436 4066 emm.
1455 4027 1497 4068 ea.

182 4095 245 4150 525.
264 4093 299 4152 V.
318 4071 467 4152 uisitaui..
480 4092 635 4150 ,antidhae
689 4095 758 4150 Inde
778 4111 829 4154 aer.
847 4093 967 4150 visitavi
985 4094 1059 4151 hune
1077 4113 1113 4151 an
1133 4110 1189 4150 non
1208 4094 1347 4152 antidhae.
1384 4097 1424 4168 P.
1443 4114 1497 4156 em.

182 4182 255 4252 Ph.,
266 4182 394 4250 antehae,
412 4182 435 4235 I
424 4197 464 4250 ig.
484 4179 640 4240 anteidhae.
696 4182 758 4242 526.
777 4181 847 4242 Pall
866 4182 990 4252 plerique
1009 4181 1102 4256 Certe,
1121 4186 1173 4254 Lg.
1192 4184 1314 4241 llaeeine
1334 4190 1410 4243 est.
1434 4185 1497 4244 527.

182 4271 264 4330 eodd.
283 4286 377 4327 omues
395 4269 494 4325 Plane.
514 4285 568 4327 ιιι
585 4268 688 4326 Palam.
736 4271 845 4327 Deinde
863 4272 899 4330 V.
917 4271 989 4330 hlei.
1001 4287 1062 4342 ne,
1081 4227 1153 4328 ian:
1169 4278 1198 4328 et
1186 4275 1246 4332 t.P
1265 4273 1381 4331 hieeine.
1435 4275 1499 4342 529.

181 4359 219 4416 A.
236 4375 290 4415 οιιι.
308 4375 455 4427 persenam
473 4359 647 4427 Periphanis.
684 4359 888 4424 montrera
916 4365 965 4417 aut
993 4361 1063 4418 aleia
1082 4378 1118 4416 an
1136 4363 1311 4432 eengrediar,
1330 4363 1353 4416 si
1373 4363 1426 4420 hoe
1445 4369 1496 4422 est.
1594 4402 1604 4427 .
1691 4390 1697 4404 ι

182 4447 291 4502 Deinde
310 4448 392 4505 codd.
411 4449 495 4504 eeteri
514 4447 562 4503 Sin
582 4448 608 4502 ia
627 4446 784 4520 esthemo,
813 4448 845 4508 P.
869 4448 918 4504 Sin
941 4450 966 4512 ie
989 4446 1078 4504 hemo,
1092 4455 1148 4504 est:
1177 4465 1230 4506 ser.
1249 4451 1279 4507 Si
1297 4453 1322 4506 ia
1341 4452 1495 4512 esthemo.

186 4537 253 4592 530.
269 4536 348 4592 multi
367 4536 480 4592 dubiam
499 4553 542 4593 me
561 4536 611 4595 A.:
631 4535 666 4593 V.
685 4536 763 4592 multi
782 4553 826 4593 me
846 4539 881 4593 de
900 4538 949 4594 ubi
969 4553 1013 4608 au,
1031 4538 1062 4592 P.
1082 4553 1136 4594 om.
1154 4556 1207 4608 me.
1262 4541 1371 4596 Deinde
1390 4541 1498 4597 danunt
1560 4595 1562 4602 .

183 4623 314 4680 Bethiue:
332 4625 414 4683 eedd.
433 4625 510 4682 dant.
538 4625 668 4695 Denique
687 4625 768 4682 eodd.
788 4640 869 4682 emm.
890 4641 1055 4698 convenere,
1075 4628 1151 4698 quod
1169 4626 1273 4701 addidi.
1309 4631 1373 4686 531.
1390 4631 1421 4684 P.
1441 4629 1498 4707 api·

181 4728 256 4770 mum
275 4713 394 4770 ineertat
411 4729 513 4770 meum.
531 4713 567 4773 ei.
586 4713 657 4770 Nom
677 4713 738 4784 123,
751 4714 796 4774 31.
832 4715 942 4771 Deinde
960 4715 1044 4774 eedd.
1063 4718 1150 4774 eeteri
1169 4717 1225 4772 ein:
1245 4731 1296 4774 rer.
1317 4717 1354 4787 ei3
1372 4716 1408 4773 A.
1428 4717 1496 4774 Sed·

180 4806 270 4861 neast.
308 4802 435 4872 Denique
454 4808 566 4862 autumo
586 4803 775 4860 Camerarius:
796 4803 876 4861 eodd.
897 4819 993 4860 omnes
1012 4807 1113 4863 anime.
1169 4803 1323 4864 panentu
1342 4805 1496 4864 haneeen·

183 4891 295 4962 grediar
311 4891 444 4947 Bothius:
462 4892 543 4949 eedd.
562 4891 635 4948 hene
653 4890 818 4963 congrediar
835 4896 908 4949 estu.
