3582 5650
368 362 412 430 13
971 346 1111 408 cunum
1271 289 1278 310 ⁸
1457 351 1500 420 (u
1518 354 1545 425 2,
1563 356 1705 424 13-23)

369 536 597 624 Periphanem,
619 557 716 621 quem
737 558 861 604 omnem
886 523 943 622 per
967 539 1077 604 urbem
1101 557 1171 604 sum
1195 536 1343 605 defessus
1365 540 1537 623 quaerere!

296 661 350 714 190
365 647 430 713 Per
452 644 639 726 medicinae,
662 647 927 729 percensuimus,
951 647 983 710 in
1006 644 1175 728 gymnosio
1199 651 1295 728 atque
1318 646 1352 710 in
1376 643 1458 726 ford,

257 789 268 796 -
368 753 432 819 Per
454 751 634 835 myropolia
657 755 689 816 et
710 750 858 817 lanienae
881 751 1064 831 circumque
1087 750 1301 833 digentarids.
1587 835 1591 840 1
1628 743 1699 812 (15)

369 855 553 943 Rogitandd
577 877 646 924 oum
670 877 786 924 raucus
810 857 928 924 foetus:
953 875 1056 940 paene
1079 856 1112 922 in
1135 859 1229 924 ocimu
1257 856 1394 924 concidi.

913 963 1144 1028 Picumnus,
1186 951 1189 957 ’

370 1067 520 1155 opidicc:

407 1183 409 1186 ·
941 1177 1116 1242 Eunomus.

602 1280 770 1366 Epidicum
794 1283 866 1364 quis
889 1281 947 1364 est,
972 1282 1026 1364 qui
1049 1283 1202 1348 revocet?

914 1389 1143 1454 Pumcmuus.

1227 1494 1297 1576 Ego
1320 1511 1406 1561 uum:
1429 1488 1639 1578 Periphanes.

924 1598 1135 1664 Auoucmus.

375 1703 417 1767 dt
440 1720 501 1784 ego
523 1700 705 1785 Apoecides
728 1721 809 1768 eum.

939 1810 1113 1875 Eunomus,
1264 1851 1273 1864 ·

196 1989 201 1994 ¹
857 1915 898 1979 Et
921 1913 982 1998 ego
1006 1915 1134 1998 quidem
1157 1913 1320 1999 Epidicus.
1363 1915 1438 1998 Sed,
1464 1935 1527 1997 ere,
1550 1916 1687 1999 optume

299 2031 352 2087 195
370 2021 436 2088 Vos
458 2017 553 2086 video
577 2019 816 2106 opportunitdte
838 2021 933 2090 ambo
957 2021 1119 2088 advenire.
1500 2034 1503 2038 ’

916 2126 1144 2192 Pnumnnuue.

1095 2296 1099 2302 .
1168 2230 1253 2310 Quid
1275 2236 1323 2300 eei
1345 2232 1415 2299 rei?

890 2334 893 2340 ’
940 2339 1116 2402 Emououo.

373 2441 560 2510 Menedemi
585 2443 654 2508 uine
676 2442 840 2528 respirem,
865 2443 996 2524 quaeso.

914 2551 1144 2614 Puumnnum.

1006 2655 1107 2720 immo
1130 2653 1309 2735 acquiesce.

940 2751 1115 2826 dommus}

724 2879 740 2914 x
1299 2865 1416 2932 Animo
1439 2861 1680 2946 1111111110)

372 2968 540 3054 Recipiam
564 2966 752 3036 onheiituml

927 3074 1135 3142 Auouomue.
1266 3163 1268 3166 Ι

805 3179 986 3246 Clementer
1009 3181 1183 3266 requiesce.

890 3341 893 3349 i
941 3288 1116 3354 Emmaus.

1220 3392 1370 3458 Animum
1391 3391 1565 3458 advortite:

373 3494 403 3558 Α
427 3493 556 3578 legione
579 3513 689 3562 omncs
713 3497 838 3561 remissi
861 3502 935 3562 sunt
958 3495 1087 3562 domim
1111 3496 1240 3564 Thebis.

927 3603 1134 3668 iconomus.

1264 3707 1342 3788 Quis
1364 3708 1426 3776 hdo

374 3807 440 3876 Scit
461 3810 509 3876 itu
531 3808 674 3878 fiotum?

447 4089 508 4148 189.
527 4105 610 4160 quem
625 4103 734 4144 omnem
753 4102 804 4158 per
821 4085 917 4144 urbem
927 4087 1055 4144 Bothiue:
1075 4088 1156 4144 codd.
1175 4103 1225 4157 per
1243 4105 1353 4145 omnem
1372 4087 1467 4146 urbem
1486 4102 1579 4158 quem.
1618 4087 1676 4144 190.

367 4177 417 4248 Lg.
436 4183 465 4233 et
480 4177 511 4232 P.
530 4191 611 4232 emm.
629 4191 688 4244 per
702 4175 864 4244 ,posteriue
890 4175 949 4232 193.
970 4177 1050 4232 codd.
1070 4176 1207 4244 Apoecidi
1226 4177 1294 4232 daut
1312 4177 1435 4246 Epidico.
1465 4176 1594 4248 Correxit
1614 4174 1675 4230 Aoi-

367 4263 466 4323 dolius.
500 4261 609 4320 Deinde
627 4261 658 4320 P.
678 4267 706 4316 et
723 4263 773 4332 Lg.
793 4269 876 4320 vocet
893 4281 920 4334 p.
941 4269 1062 4320 revocet.
1101 4265 1161 4321 194.
1181 4265 1262 4322 codd.
1281 4269 1412 4334 repetunt
1432 4281 1504 4320 sum
1524 4269 1589 4334 poet
1609 4263 1676 4332 qui-

368 4349 454 4422 dem,
470 4352 545 4422 qued
563 4349 662 4408 delevi.
699 4351 806 4409 Deinde
826 4353 856 4409 P.
876 4357 997 4420 optume.
1066 4355 1127 4409 195.
1139 4353 1359 4421 opportunitate
1379 4354 1461 4409 ambo
1480 4351 1612 4408 advenire
1632 4351 1676 4406 Bo-

370 4439 460 4494 thiuu:
475 4439 556 4496 cedd.
575 4435 656 4495 ambo
675 4438 806 4494 aduenire
823 4443 1039 4512 opportunitate,
1058 4441 1113 4496 nisi
1130 4441 1205 4511 quod
1224 4441 1256 4499 Ρ.
1276 4441 1385 4498 amabo.
1414 4441 1522 4498 Deinde
1543 4438 1623 4496 codd.
1642 4439 1676 4492 rei

370 4532 426 4586 est:
445 4542 498 4586 cer.
515 4531 562 4582 est
577 4527 625 4585 rei.
644 4525 679 4602 cf.
699 4526 837 4582 animadv.
855 4528 891 4584 ed
910 4528 983 4586 Trin.
1002 4545 1029 4584 v.
1049 4528 1102 4584 695
1120 4545 1148 4598 p.
1168 4529 1228 4584 165.
1334 4531 1396 4589 196.
1415 4529 1495 4592 codd
1514 4529 1608 4584 Mane:
1627 4541 1674 4582 eor.

370 4631 432 4672 cum
449 4614 544 4672 Brixio
561 4615 717 4682 Manedum.
745 4615 853 4672 Deinde
872 4617 903 4674 P.
922 4617 983 4674 Non
1003 4633 1029 4686 p.
1049 4617 1159 4675 Animo.
1198 4619 1259 4674 191.
1281 4617 1313 4674 V.
1335 4615 1400 4689 (st.)
1421 4623 1450 4672 et
1468 4617 1499 4676 P.
1519 4614 1674 4684 Periphanta

305 4693 307 4698 ’
368 4719 517 4774 personum
535 4702 667 4759 exhibent
684 4719 711 4772 p.
731 4703 883 4772 Apoecide.
976 4706 1036 4764 198.
1054 4707 1105 4774 Lg.
1124 4705 1211 4762 missi.
1253 4704 1363 4759 Deinde
1381 4705 1463 4763 codd.
1484 4719 1580 4762 omues
1599 4719 1672 4760 omn.

368 4792 437 4858 Quis
454 4791 515 4851 hoo.
551 4792 585 4846 In
603 4791 637 4850 V.
657 4790 722 4863 (St.)
742 4807 840 4848 monus
858 4793 1049 4850 recentissimo
1067 4794 1176 4850 eddidit
1194 4793 1256 4863 quis
1275 4792 1319 4850 he.
1357 4793 1417 4849 199.
1437 4793 1472 4852 V.
1492 4793 1550 4849 Scit
1568 4791 1674 4860 fectum

370 4879 440 4938 Peli.
459 4879 505 4936 Sic
524 4879 634 4949 fuctum,
654 4880 684 4938 P.
704 4878 749 4936 Sic
767 4879 920 4936 factumst?
955 4880 1012 4938 Ser.
1031 4881 1091 4938 Scit
1110 4883 1151 4938 ito
1169 4881 1282 4940 factum.
