3622 5658
88 378 332 476 (1’‘²²'¹9'‡3²i
683 376 862 449 seminus.
1226 369 1231 378 “
1386 393 1428 465 13

90 564 183 632 Nisi
208 562 307 632 hodie
330 563 418 659 prius
442 563 653 648 comparassit
675 563 753 632 milri
775 563 992 648 qudraginta
1014 566 1130 649 mimis,

95 670 223 749 Quam
246 671 370 754 argenti
392 668 482 738 fnero
506 671 647 739 elooitus
670 669 701 738 ei
722 669 916 754 postremam
937 672 1116 755 syllabam.
1203 694 1256 746 2·-
1365 685 1424 752 (20)

652 777 859 853 ‚Eemrcos
928 835 931 842 .

97 879 218 948 Salva
239 880 292 948 res
315 886 378 948 est:
403 880 484 947 bene
505 881 672 963 promittit:
696 899 802 964 spero,
824 880 966 948 servabit
987 865 1106 949 fidem..
1264 951 1266 958 ,

47 997 71 1050 0
97 985 190 1054 Sine
216 987 287 1053 med
311 992 440 1070 sumptu
462 987 596 1069 panitiae
618 987 684 1054 iam
706 987 945 1069 suntsodpulis
969 988 1164 1072 symbolae..
1234 1032 1247 1057 ..
1276 1037 1280 1047 .
1391 1024 1403 1048 .·

101 1092 300 1177 Aggreditr
321 1092 492 1161 hominem.
538 1091 768 1160 Advenientem
791 1112 926 1176 peregre
949 1096 1037 1162 erim
1060 1095 1305 1181 Stratippoclem

101 1199 263 1282 Impertit
285 1199 389 1267 salute
415 1197 526 1284 servos
549 1196 713 1282 Epidicis.

629 1303 915 1372 Snmnmmenns.

766 1411 828 1478 Ubi
851 1412 879 1476 is
902 1413 973 1476 est?
1047 1431 1049 1441 ¹

686 1516 861 1585 Eemrcos.
947 1517 953 1526 '

514 1711 523 1730 ·
974 1622 1087 1692 Adest

110 1722 252 1790 Salvom
275 1728 307 1789 te
330 1722 502 1791 advenisse
525 1724 587 1794 huo
1007 1737 1011 1744 ’

629 1814 919 1900 Snasnrrroonns.
1188 1903 1191 1908 .

652 1937 734 2004 Tam
756 1939 814 2008 tibi
835 1940 917 2008 istuc
940 1938 1046 2022 oredo,
1070 1958 1165 2022 quam
1188 1941 1275 2008 mihi.
1370 1954 1427 2023 (25)

210 2120 213 2128 ,
688 2045 863 2112 Emmaus.

54 2173 57 2200 ·
114 2143 251 2210 Benene
273 2145 376 2228 usque
398 2147 551 2218 valuisti?

629 2254 918 2330 snmmmoenns.
961 2273 971 2286 ²

602 2357 632 2424 A
655 2360 765 2428 morbo
787 2361 885 2444 valui,
909 2361 950 2426 ab
974 2360 1079 2428 animo
1101 2379 1198 2444 aeger
1220 2361 1278 2426 fui.

690 2467 865 2532 mammas.
988 2517 990 2524 .
1219 2531 1222 2538 ,

47 2575 97 2633 125
120 2565 216 2646 Quod
238 2566 283 2634 ad
304 2588 356 2634 me
379 2570 516 2652 attinuit,
540 2590 600 2654 ego
624 2570 746 2638 curavi:
771 2570 867 2660 quod
880 2562 1074 2638 mandavisti
1098 2572 1184 2654 milri,

120 2673 329 2755 Impetrttum
353 2679 414 2740 est:
440 2681 548 2759 empta
571 2677 689 2744 aneilla
713 2683 770 2761 est,
795 2677 881 2760 quod
904 2683 971 2744 tute
994 2677 1037 2744 ad
1060 2697 1112 2744 me
1133 2677 1256 2745 litteras

121 2778 357 2846 Missiculitbas.
616 2817 618 2820 ·

632 2888 922 2957 Sannnmnoonns.

401 2991 572 3066 Perdidisti
595 3013 721 3068 omnem
743 3017 883 3081 operam.

687 3104 862 3172 Errnrcns.

904 3206 988 3276 Nam
1011 3207 1064 3288 qui
1086 3203 1236 3289 perdidi?

630 3310 918 3380 srnrrnrocnns.

128 3413 208 3493 Quia
229 3414 302 3484 meo
325 3435 428 3500 neque
451 3437 529 3486 cara
551 3424 600 3486 est
622 3418 849 3503 circinoque
870 3418 987 3502 placet.

688 3527 862 3592 Enmroos.

1022 3625 1107 3706 Quid
1129 3623 1248 3691 rettulit
1375 3633 1430 3707 (30)

130 3728 204 3796 Mihi
225 3730 391 3814 tantopere
412 3737 445 3798 te
467 3733 623 3802 mandire
646 3739 677 3800 et
699 3734 824 3802 mittere
846 3733 890 3800 ad
912 3755 964 3800 me
987 3732 1163 3817 epistulis?

634 3838 923 3906 Snnnnrnnoonns.

61 3940 216 4006 molliam
238 3941 389 4009 amabam
410 3943 502 4010 olim:
526 3963 610 4012 nunc
634 3944 698 4011 tlia
721 3964 797 4012 cura
819 3942 983 4028 impdndet
1004 3942 1137 4026 pectori.

205 4199 475 4260 trememtem.
531 4205 595 4259 119.
613 4206 645 4263 P.
663 4201 805 4275 promitte.
840 4202 949 4258 Deinde
967 4201 1050 4258 fidam
1067 4199 1232 4256 Lambinus:
1252 4200 1333 4257 codd.
1351 4198 1433 4255 idem.

135 4286 189 4344 120.
206 4287 239 4347 V.
256 4295 354 4359 parate
367 4291 553 4350 -rimbolaa
592 4293 652 4349 121.
672 4307 748 4348 erum
762 4290 976 4361 Stratippoclem
994 4289 1026 4346 P.
1045 4287 1135 4344 solus:
1154 4291 1239 4346 ceteri
1258 4305 1335 4346 erum
1354 4301 1434 4344 snum

84 4415 88 4424 .
133 4375 341 4450 Stratippoclem,
360 4380 414 4434 nisi
433 4379 509 4450 quod
527 4377 560 4435 V.
579 4379 640 4450 (St.)
659 4396 677 4434 a
694 4396 729 4435 m.
750 4395 805 4437 sec.
824 4377 1038 4448 Stratippoclem
1076 4380 1136 4434 122.
1156 4378 1285 4447 impertit
1297 4375 1432 4432 Weisius:

134 4463 207 4521 codd.
224 4481 319 4522 omnes
338 4458 424 4523 Sal'na
442 4468 570 4539 impertit,
588 4469 643 4524 nisi
662 4468 738 4536 quod
750 4469 781 4526 P.
795 4469 926 4536 impartit
964 4467 1025 4522 123.
1045 4464 1125 4523 codd.
1146 4465 1260 4521 Saluum
1278 4470 1306 4521 te
1325 4463 1435 4535 gaudeo

135 4549 350 4625 lacrimntem,
369 4555 425 4612 nisi
444 4557 519 4626 quod
537 4557 597 4612 Pal.
616 4557 633 4612 3
652 4560 680 4611 te
699 4556 781 4625 cupio
800 4557 920 4627 gaudeo.
957 4555 1014 4613 Sor.
1032 4571 1095 4610 oum
1113 4555 1145 4612 R.
1164 4554 1297 4610 Muellcro
1316 4553 1350 4609 de
1369 4553 1434 4623 Epi-

135 4639 190 4694 dico
208 4655 233 4710 p.
252 4643 465 4702 218alvomte
485 4644 634 4702 advenisse
652 4644 707 4702 huc
776 4646 837 4703 124.
855 4646 906 4713 Lg.
925 4643 1011 4702 Bene.
1048 4642 1157 4699 Deinde
1174 4643 1244 4700 Pali.
1263 4641 1321 4699 iere
1340 4656 1435 4698 omnes

136 4743 206 4788 enm.
223 4743 320 4798 usqne.
363 4733 426 4790 125.
444 4734 615 4790 mandavisti
633 4733 764 4790 Bothius:
784 4733 866 4790 codd.
886 4733 1034 4789 mandasti.
1083 4731 1143 4788 126.
1163 4731 1198 4787 V.
1218 4735 1247 4785 et
1265 4731 1296 4788 P.
1316 4733 1436 4798 emptast

136 4818 231 4886 aneilla,
250 4818 305 4873 nisi
324 4821 400 4888 quod
418 4822 450 4880 P.
469 4827 544 4880 emta
562 4828 612 4881 est.
669 4823 731 4880 127.
750 4823 781 4881 P.
801 4821 875 4892 quid.
937 4822 998 4880 128.
1017 4817 1098 4876 codd.
1117 4819 1219 4876 retulit.
1276 4819 1338 4877 129.
1356 4819 1388 4876 Ρ.
1408 4823 1437 4872 et

137 4906 195 4964 Pali.
213 4907 336 4964 emittere
355 4923 382 4977 p.
402 4914 430 4965 et
448 4911 565 4968 mittere.
602 4910 664 4968 130.
683 4909 764 4970 codd.
783 4909 892 4968 addunt
909 4909 975 4966 iam
994 4914 1061 4980 post
1079 4923 1179 4978 nuno,
1204 4908 1279 4978 qnod
1298 4906 1399 4967 delevi.
