3622 5658
919 338 1058 465 ennom
1366 403 1429 480 (111,
1447 406 1473 478 a,
1491 395 1645 476 so-a·e)

865 592 1096 660 Permessus.

1112 697 1214 766 Immo
1228 636 1281 764 ita
1303 695 1406 766 decet.
1578 709 1636 780 (4ο)

873 801 1085 870 Aroscrnns.

449 907 514 974 Res
537 927 656 991 magna
678 905 774 972 amici
796 907 885 992 apud
907 907 1009 976 iorum
1033 909 1151 993 igitur.
1175 910 1205 978 ei
1228 909 1303 978 volti

452 1013 503 1080 Ire
525 1012 717 1080 advocatus.

865 1118 1095 1186 Pammenes.

753 1221 796 1288 At
818 1241 951 1306 quaeso,
973 1226 1029 1291 ubi
1052 1225 1110 1292 erit
1133 1224 1242 1307 otidrn,

451 1331 623 1397 Revortere
646 1326 690 1393 td
712 1348 763 1392 me
786 1329 958 1412 extemplo.
1084 1388 1090 1398 .
1134 1323 1142 1332 ’

876 1434 1086 1501 droncrnns.

930 1591 932 1602 .
1009 1540 1166 1609 (idatiano
1189 1538 1241 1607 iric
1263 1539 1329 1606 ert.

865 1645 1095 1712 Pnarrnsrms.

452 1750 540 1818 Nihil
563 1749 683 1816 homini
706 1751 809 1816 amico
834 1755 883 1816 est
905 1753 1084 1836 opporttno
1106 1751 1255 1818 amiciis:

450 1855 526 1924 Sine
547 1863 603 1924 tuo
626 1855 747 1939 labore,
771 1855 857 1938 quod
879 1855 972 1940 velis,
996 1862 1102 1924 comm
1125 1855 1315 1935 esttamen.

438 1963 522 2047 ‚Ego
546 1963 574 2028 si
596 1960 825 2046 allegavissem
848 1961 987 2044 aliquem
1010 1961 1055 2028 ad
1077 1961 1138 2028 hdo
1160 1962 1324 2046 negotium

452 2069 557 2135 Minus
579 2067 739 2141 hominem
763 2065 891 2135 doctum
913 2067 1081 2150 minusque
1103 2066 1148 2134 ad
1170 2066 1255 2134 lrtnc
1276 2085 1344 2134 rem
1366 2064 1528 2150 calliddm,

453 2171 499 2240 Os
522 2173 673 2240 sublitum
696 2171 791 2256 esset,
816 2173 924 2256 itaque
947 2191 999 2240 me
1021 2171 1106 2240 albis
1128 2169 1277 2240 dentibus

450 2280 541 2348 Meus
565 2278 725 2346 derideret
746 2279 830 2346 tilids
852 2279 1075 2347 meritissamt.
1157 2349 1161 2356 ,
1439 2365 1441 2370 ,

450 2383 515 2451 Sed
537 2384 590 2451 hic
613 2385 684 2468 quis
708 2383 766 2468 est,
791 2404 884 2468 quem
908 2384 970 2452 hac
992 2383 1218 2452 advenientem
1241 2383 1418 2469 conspicor,
1460 2447 1462 2452 ,

453 2489 552 2557 Suam
575 2490 630 2573 qui
651 2489 826 2558 undantem
848 2489 1054 2575 chlamydem
1074 2490 1262 2576 quassando
1284 2489 1384 2557 iacit?

668 2973 790 3040 Munus.
835 2973 1066 3040 Pnnrrnauns.
1111 2971 1287 3042 Prnrcnm.

921 3134 1043 3202 limas.

453 3241 544 3310 cave
565 3242 776 3326 praeterbltes
799 3241 883 3310 ullas
906 3241 1014 3321 aedes,
1037 3241 1114 3326 quin
1136 3241 1241 3328 roges,

453 3348 560 3416 Senex
582 3346 635 3436 uti
657 3345 781 3412 habitat
801 3346 998 3433 Periphanes
1017 3347 1215 3416 Plothenids.

452 3453 596 3522 Incertus
618 3453 707 3520 tuom
729 3471 809 3519 cave
831 3452 875 3520 ad
897 3473 949 3521 nre
970 3453 1118 3522 retuleris
1139 3453 1267 3537 pedem.

865 3546 1095 3626 Pnnmnsuns'.

249 3676 304 3734 425
449 3663 661 3747 Adulescens,
686 3663 714 3730 si
737 3666 842 3740 istunc
864 3665 1035 3743 homiaem,
1058 3665 1153 3750 quem
1174 3670 1210 3732 tn
1231 3663 1406 3748 quaeritas,
1438 3743 1440 3747 ¹
1496 3677 1506 3694 ·

453 3771 526 3838 Tibi
551 3769 830 3855 commonstrdsso,
851 3791 990 3856 ecquam
1012 3773 1073 3857 abs
1095 3777 1128 3839 tc
1149 3773 1236 3841 inibo
1260 3769 1422 3855 matiam?
1593 3777 1633 3850 (4)

402 4051 465 4111 411.
484 4049 536 4120 ng.
554 4049 668 4120 geritur.
740 4047 849 4104 Deinde
867 4049 901 4106 V.
921 4064 985 4106 eum
1003 4067 1031 4120 p.
1050 4049 1084 4107 ei.
1156 4048 1297 4107 clarel.
1317 4047 1334 4102 6
1353 4051 1382 4104 41
1399 4047 1431 4106 P.
1449 4046 1519 4102 Esse
1537 4060 1565 4114 p.
1583 4044 1635 4105 Ire.

323 4139 432 4198 Deinde
451 4140 482 4196 P.
501 4141 586 4205 atque
605 4142 666 4192 esto
685 4153 713 4208 p.
733 4141 763 4192 at
781 4151 896 4207 quasso.
933 4139 996 4195 414.
1017 4137 1090 4193 Pali.
1098 4138 1123 4207 1,
1141 4139 1159 4194 3
1178 4141 1207 4192 et
1225 4137 1256 4194 P.
1271 4135 1422 4206 amicitias,
1440 4135 1474 4191 V.
1488 4132 1551 4204 (81.)
1569 4133 1636 4188 ami·

324 4228 411 4286 titius.
447 4225 511 4282 415.
530 4223 581 4292 La.
600 4228 693 4279 actum
713 4229 758 4280 est
775 4229 869 4281 tamen
886 4225 962 4293 quod
981 4224 1059 4280 uelis.
1120 4226 1183 4285 416.
1202 4224 1284 4282 codd
1303 4224 1388 4280 ceteri
1408 4222 1583 4293 allegassem,
1600 4221 1636 4280 V.

325 4314 502 4385 adligassem.
543 4311 606 4368 411.
624 4311 704 4371 codd.
723 4313 861 4369 hominem
881 4329 964 4384 quam
983 4312 1110 4371 doctum:
1130 4313 1185 4372 del.
1203 4328 1286 4384 quam
1305 4310 1490 4368 Camerarius.
1526 4310 1589 4367 418.
1606 4310 1636 4364 P.

325 4401 421 4459 alchis.
474 4401 538 4460 419.
557 4399 592 4456 V.
611 4397 676 4473 (St.)
695 4400 844 4472 deridetur,
863 4401 900 4457 ad
918 4417 996 4458 oram
1013 4407 1105 4458 tamen
1124 4399 1273 4471 derideret.
1310 4401 1428 4458 Versum
1446 4400 1500 4457 419
1520 4413 1638 4468 sequun-

324 4495 370 4545 tur
388 4489 417 4544 in
436 4487 517 4547 codd.
535 4501 634 4543 versus
651 4489 717 4559 tres,
737 4504 806 4557 quos
825 4488 971 4546 Acidaliae
989 4495 1054 4561 post
1071 4507 1096 4547 v.
1113 4491 1169 4547 440
1186 4491 1311 4547 inseruit.
1359 4489 1422 4546 420.
1441 4488 1475 4546 V.
1495 4485 1568 4562 (St),
1586 4485 1637 4556 La.

325 4583 355 4633 41
370 4576 403 4634 Ρ.
422 4575 485 4646 quis
503 4575 557 4635 hic.
604 4576 713 4632 Deinde
732 4578 763 4636 P.
783 4592 866 4646 quem
885 4593 960 4633 nunc
977 4577 1040 4637 huc.
1111 4579 1175 4636 421.
1193 4578 1228 4646 V,
1247 4576 1412 4647 clamydem.
1431 4575 1502 4634 Non.
1521 4576 1583 4645 254,
1601 4573 1638 4629 24

324 4681 361 4724 cx
378 4664 479 4724 Milite:
500 4664 555 4731 Qui
573 4680 650 4720 suam
669 4664 819 4722 undantem
836 4666 991 4724 clamidem.

403 4753 467 4809 422.
485 4753 537 4826 Lg.
556 4753 747 4826 praeterbitcs,
766 4756 797 4813 P.
815 4753 1019 4824 praeteribitas.
1086 4754 1155 4826 428,
1168 4753 1332 4812 Plothcnius
1350 4753 1471 4810 Potitus:
1491 4751 1572 4810 codd.
1591 4751 1637 4808 hic

326 4845 356 4896 41
373 4856 401 4896 v.
419 4841 473 4896 433
492 4842 642 4912 Platenius,
662 4843 716 4899 nisi
735 4842 811 4914 quod
829 4844 861 4904 P.
880 4844 1032 4900 Platemns.
1067 4844 1131 4901 424.
1150 4843 1202 4914 Lg.
1221 4841 1339 4903 Incerto.
1368 4842 1400 4901 P.
1419 4842 1489 4899 Per.
1508 4839 1637 4898 Incertus

294 5007 296 5012 Ι
326 4946 386 4987 snm
406 4959 440 4971 -
461 4930 562 4988 retulit.
599 4923 663 4990 426,
683 4931 718 4988 V.
737 4931 800 5002 (St)
818 4948 835 4987 a
852 4947 888 4990 m.
906 4947 948 5002 pr.
967 4935 1233 5001 commonstrarem,
1250 4931 1282 4989 P.
1301 4935 1522 4991 commostrasso.
