3622 5658
319 391 363 456 28
916 369 1056 430 PLADTI
1320 366 1379 438 (111,
1397 367 1422 436 1,
1441 365 1544 438 3-111,
1563 370 1589 438 2,
1605 369 1638 436 4)

247 580 301 636 320
321 559 406 646 Quid
428 566 517 634 illurn
540 563 624 631 ferre
645 564 707 646 vie,
730 564 796 646 qni,
820 562 879 630 dni
903 579 997 644 qnorn
1021 555 1154 624 divitiae
1178 527 1252 624 euni
1274 555 1455 636 maxumae,

321 674 354 738 Is
378 691 538 738 nummum
563 669 684 738 nillum
707 668 808 736 habea
831 683 935 750 neqne
956 666 990 730 ln
1013 667 1046 728 te
1067 667 1121 729 tuo
1145 661 1249 729 sodali
1272 660 1367 746 eopia
1387 659 1461 764 eall

851 773 1106 840 camaranum.

453 883 488 950 Si
527 883 635 950 herele
673 878 827 962 habedm,
868 878 981 946 lubens
1020 873 1190 958 pollleear,
1225 889 1354 1044 23Ἒὸ
1369 871 1491 956 aliquid
1526 871 1632 954 alique

1259 998 1290 1044 m
1579 986 1635 1056 (ιο)

451 1089 612 1159 Alieunde
635 1092 676 1160 db
700 1089 800 1174 nliqrri
822 1088 880 1156 tibi
904 1085 980 1172 epea
1003 1092 1052 1152 eat
1073 1103 1199 1152 meeum
1221 1081 1382 1150 idrtanam
1404 1081 1483 1150 iore.

489 1212 492 1227 “
658 1173 665 1190 “
834 1195 1124 1261 Suarurrrounns.

451 1302 520 1368 Vae
541 1299 609 1384 tibi,
634 1301 778 1370 mendiee
800 1301 910 1368 home!

660 1400 664 1410 ’
852 1405 1107 1472 Ournnmunua

962 1507 1023 1587 Qui
1045 1506 1103 1572 tibi
1125 1503 1213 1572 lubet
1235 1503 1314 1600 milri
1335 1502 1421 1570 male
1443 1502 1555 1586 loqui?

837 1616 1127 1682 Sununrnnounne.
1183 1673 1188 1682 ,
1589 1697 1594 1704 ¹

452 1724 579 1811 Quippe
601 1723 635 1788 tri
658 1722 702 1788 mi
724 1720 847 1806 aliquid
871 1720 979 1804 aliqud
1003 1718 1098 1786 mode
1122 1714 1271 1786 alieunde
1294 1715 1334 1783 ab
1357 1712 1458 1798 aliqui
1480 1713 1586 1794 blada,

454 1830 548 1910 Quod
563 1848 722 1912 nusquam
738 1827 800 1895 est:
818 1846 922 1910 neque
938 1845 998 1909 ego
1013 1824 1047 1890 id
1063 1825 1197 1890 immitte
1213 1840 1303 1888 meae
1318 1821 1352 1887 in
1368 1820 1472 1901 adres,
1484 1817 1637 1886 neemihi

454 1935 532 2002 Plus
548 1933 724 2002 adiumenti
739 1933 809 2018 dae,
833 1951 930 2016 quam
941 1930 1006 2014 ille,
1030 1931 1083 2014 qui
1098 1949 1261 2013 nunquam
1280 1927 1376 1994 etiem
1391 1931 1485 1994 natue
1500 1923 1559 1993 est.
1578 1932 1635 2004 (15)

577 2240 753 2305 Drrnreue.
799 2235 1092 2306 Snuurmocnne.
1137 2231 1392 2306 emeramus.
1437 2248 1442 2261 =

894 2399 1070 2464 marmure.

455 2504 574 2572 Feeieii
596 2504 661 2571 iam
684 2503 825 2572 difieium
847 2503 947 2571 indm:
972 2524 1024 2571 me
1046 2521 1152 2570 meum
1175 2521 1259 2570 nune
1280 2500 1388 2568 liuere
1410 2497 1543 2583 oporiet.

455 2611 517 2677 Per
540 2609 624 2676 hane
647 2611 755 2676 eurum
779 2610 885 2696 quiete
907 2609 964 2676 tibi
987 2610 1062 2675 lieet
1085 2629 1165 2677 esee.
1189 2609 1251 2678 hoe
1274 2607 1403 2691 quidem
1425 2606 1489 2673 iam
1512 2603 1614 2689 periit.
1693 2627 1701 2634 ·

451 2717 500 2783 Ne
522 2715 598 2798 qnid
620 2713 694 2780 hine
716 2717 749 2788 in
772 2715 863 2801 spem
885 2715 1008 2782 referas
1030 2715 1102 2781 libl:
1124 2715 1186 2784 hee
1208 2713 1327 2799 oppidi>
1351 2713 1525 2798 polluctum
1549 2717 1606 2778 eet.

458 2820 561 2891 Crede
583 2819 678 2888 medo
702 2823 735 2889 tri
759 2821 852 2888 milri:
877 2823 923 2890 eie
946 2821 1005 2906 ege
1030 2841 1104 2906 age,
1129 2819 1174 2888 eie
1198 2820 1294 2904 egere
1316 2819 1425 2888 nostri.

441 3204 504 3262 320.
523 3201 595 3260 latre
614 3203 649 3260 V.
668 3205 729 3274 (st.)
748 3207 777 3259 at
795 3202 839 3261 P.:
863 3203 943 3264 eodd.
961 3203 1042 3260 Parei
1060 3202 1145 3258 ealari
1164 3200 1242 3272 lente,
1260 3201 1319 3261 Pal.
1340 3203 1354 3257 1
1375 3199 1476 3258 faeere.
1532 3197 1641 3254 Deinde
1748 3199 1751 3208 ‘

326 3306 411 3361 quom
430 3291 568 3363 Guyetne:
589 3290 670 3348 nedd.
689 3291 763 3362 quoi,
782 3291 817 3351 V.
832 3291 897 3367 (st.)
916 3309 933 3349 e
950 3310 985 3350 m.
1004 3308 1045 3362 pr.
1063 3293 1119 3361 qui.
1156 3290 1285 3361 Denique
1302 3289 1383 3346 cedd.
1402 3287 1476 3345 domi
1494 3301 1640 3344 maxumae
1669 3287 1677 3300 “

327 3383 399 3449 eunt,
419 3379 473 3436 niei
492 3379 567 3450 quod
585 3379 637 3450 Lg.
656 3395 799 3435 maxuma:
819 3395 872 3440 uer.
892 3386 957 3438 eunt
969 3395 1122 3451 maxumae,
1141 3380 1194 3436 del.
1208 3379 1291 3436 demi.
1328 3379 1391 3438 321.
1410 3379 1442 3435 P.
1460 3378 1580 3434 Numum
1598 3375 1641 3432 hie

326 3483 354 3536 p.
374 3467 403 3522 Ie
420 3481 569 3527 nummum.
617 3466 727 3523 Deinde
746 3467 829 3525 eodd.
849 3483 901 3526 nee
919 3469 1008 3526 sodali
1026 3473 1075 3526 tue
1095 3469 1123 3523 in
1142 3473 1183 3523 te:
1203 3482 1256 3526 eur.
1274 3482 1366 3537 neque
1384 3466 1414 3524 in
1432 3470 1460 3522 te
1478 3471 1527 3523 tue
1546 3464 1642 3524 andeli.

328 3556 390 3613 322.
410 3553 491 3614 eodd.
510 3555 644 3625 pellieear
662 3555 763 3612 lubens
782 3557 845 3626 (ulei
864 3557 939 3626 qued
957 3557 1008 3626 Lg.
1028 3555 1170 3626 polliceor)
1197 3570 1293 3610 uerum
1312 3555 1417 3625 aliquid
1436 3555 1532 3624 aliqua
1550 3554 1643 3628 aliquo

326 3643 410 3701 medo
429 3645 474 3718 (P.
491 3645 574 3702 mode
593 3647 656 3714 eet).
696 3639 822 3700 Correxit
839 3644 914 3702 hune
931 3659 1042 3702 versum
1060 3660 1124 3702 eum
1142 3647 1276 3714 aequente
1294 3644 1463 3702 Lomennue.
1531 3645 1593 3702 323.
1612 3643 1643 3699 P.

327 3735 355 3787 et
373 3732 432 3790 Pal.
451 3734 467 3788 1
487 3748 553 3792 am.
567 3748 622 3792 see.
641 3731 780 3802 aliquibus
798 3745 825 3802 p.
845 3733 939 3803 aliqui.
977 3732 1086 3790 Delnde
1104 3731 1186 3791 eodd.
1205 3747 1301 3788 omnes
1320 3737 1387 3802 poet
1404 3732 1518 3802 aliqui
1536 3731 1644 3788 addunt

242 3883 248 3898 ἱ
327 3821 453 3891 aliqua.
502 3820 632 3890 Denique
651 3835 759 3878 meeum
778 3817 919 3896 fortunam¹
935 3820 994 3878 fore
1013 3821 1171 3879 Aeidaliue:
1192 3820 1272 3879 eedd.
1292 3819 1350 3878 fere
1369 3835 1477 3878 meeum
1495 3819 1642 3876 sermnem.

329 3909 458 3966 Celerum
477 3908 605 3980 Guyetue
623 3909 697 3966 haud
716 3910 787 3966 male
807 3911 926 3967 eenieeit
937 3899 1011 3966 'mihi
1028 3927 1055 3982 p.
1069 3911 1128 3968 trini.
1167 3911 1229 3971 324.
1249 3909 1284 3967 V.
1298 3908 1361 3984 (St.)
1381 3909 1541 3977 murielde,
1560 3883 1642 3966 eodd.

327 3999 412 4054 ueteri
432 3997 572 4068 muricide,
591 3999 695 4066 Paulus
714 4016 741 4068 p.
761 3999 813 4056 125
832 4001 989 4059 murrieide.
1027 4001 1084 4060 Ser.
1101 3999 1237 4056 meudina.
1257 3997 1293 4055 ef.
1312 3997 1407 4056 Aulul.
1426 3999 1457 4059 3.
1470 4001 1496 4067 2,
1516 3996 1542 4055 9.
1580 3996 1642 4054 325.

328 4085 414 4157 aliqui
432 4086 592 4144 Anidaliue:
611 4087 692 4144 cedd.
713 4085 862 4156 aliquibus.
934 4089 1043 4145 Deinde
1062 4087 1096 4144 V.
1117 4091 1146 4142 et
1163 4087 1216 4156 Lg.
1236 4086 1310 4156 latis,
1329 4086 1399 4144 Pall.
1418 4089 1435 4142 2
1454 4093 1484 4142 en
1502 4087 1519 4142 3
1538 4083 1643 4154 blattis,

329 4174 418 4232 Pall
439 4180 467 4232 et
486 4175 648 4234 Phlaouia.
679 4176 828 4232 Praeterea
840 4176 874 4233 V.
894 4177 923 4232 in
942 4177 1067 4247 margine
1086 4175 1180 4233 latras.
1217 4175 1280 4235 326.
1298 4191 1377 4232 meae
1395 4175 1424 4229 in
1443 4188 1524 4230 auree
1542 4170 1644 4230 Anide-

329 4262 396 4322 liue:
417 4262 497 4321 eedd.
516 4262 547 4341 in
565 4277 646 4318 auree
665 4279 750 4324 meae.
818 4265 880 4322 327.
900 4266 952 4322 dae
971 4265 1112 4336 Guyetua:
1133 4263 1213 4323 nedd.
1232 4265 1318 4322 ueteri
1337 4265 1414 4334 adea,
1433 4263 1464 4320 P.
1485 4261 1646 4320 adiumenta

329 4350 388 4408 dee.
426 4349 535 4406 Deinde
555 4347 636 4409 codd.
655 4353 760 4409 natust.
1156 4413 1161 4427 ¹

408 4436 442 4492 V.
462 4437 526 4512 (St.)
546 4437 720 4494 (lheribelue.
757 4442 819 4500 328.
838 4440 959 4499 effieium
978 4446 1056 4498 tuum
1074 4443 1107 4501 P.
1125 4441 1215 4500 solue:
1244 4442 1295 4512 Lg.
1315 4439 1437 4498 officium
1457 4453 1549 4496 meum
1568 4443 1645 4495 tuum

329 4540 382 4595 ma,
402 4526 486 4580 ueteri
505 4525 628 4581 eflieium
647 4529 679 4582 tu
697 4531 785 4586 tuum.
853 4531 915 4586 323.
934 4530 985 4600 Lg.
1005 4531 1106 4601 quiete.
1144 4531 1176 4587 P.
1195 4530 1240 4586 lrie
1258 4547 1286 4600 p.
1305 4529 1367 4586 hee.
1403 4529 1465 4587 330.
1484 4528 1525 4584 Ne
1544 4524 1646 4582 Auidu-

329 4614 395 4670 liue:
414 4613 494 4670 eudd.
513 4613 557 4673 Ni.
594 4615 625 4671 P.
645 4614 692 4684 qui
710 4632 737 4686 p.
759 4615 833 4685 quid,
851 4619 901 4688 hg.
921 4619 1003 4688 quod.
1077 4619 1186 4681 Deinde
1207 4617 1287 4676 eedd.
1307 4617 1358 4673 tibi
1377 4616 1442 4672 hine
1460 4617 1488 4672 in
1507 4631 1589 4684 apem
1603 4631 1644 4670 re·

280 4749 284 4764 ,
330 4701 413 4761 ferae.
451 4701 509 4762 Ser.
529 4702 594 4760 hine
612 4704 641 4758 in
661 4719 738 4774 apem
758 4703 864 4762 relatae
881 4708 942 4768 tibi.
992 4708 1099 4766 Dehine
1120 4709 1149 4765 P.
1168 4711 1198 4764 el
1215 4707 1267 4775 Lg.
1287 4706 1390 4777 oppido
1409 4705 1462 4762 hoe
1481 4723 1508 4776 p.
1528 4705 1580 4760 hee
1598 4719 1647 4772 ep·

329 4791 406 4858 pido.
442 4792 571 4862 Denique
590 4792 624 4849 V.
642 4792 780 4864 pellilum,
799 4796 885 4852 aeleri
904 4795 1030 4866 politum.
1066 4798 1124 4856 Ser.
1144 4795 1305 4868 pellaeum.
1354 4794 1417 4852 331.
1435 4794 1471 4852 V.
1489 4793 1550 4865 (St.)
1569 4795 1597 4848 et
1615 4790 1646 4848 Ρ.

333 4895 413 4935 emm.
435 4886 473 4934 tu.
513 4881 547 4936 V.
566 4881 631 4955 (st.)
650 4882 681 4939 P.
701 4886 730 4938 et
747 4883 799 4955 Lg.
819 4889 946 4956 egerunt.
