3622 5658
136 405 196 478 (11,
217 409 245 477 2,
265 408 376 495 1-11)
720 393 900 464 uenimus,

424 755 631 824 idumeus,
677 752 887 818 Anoncrnns.
933 753 1162 820 Pnumuuuus,
1277 826 1285 846 .

723 915 897 980 hermene.

660 1018 711 1084 st!

434 1125 568 1192 Teeeiel
593 1124 710 1190 habete
733 1125 874 1191 animum
896 1125 1029 1192 henim!
1091 1205 1094 1214 .

281 1232 432 1317 Anspieio
454 1230 574 1314 liquido
599 1251 659 1315 ego
682 1231 762 1297 exed
784 1229 881 1312 ieras,
906 1234 961 1297 avi
984 1232 1122 1297 sinislra.

146 1339 291 1406 Acutum
315 1340 450 1405 edltrum
472 1336 586 1419 habeo,
611 1339 698 1403 senis
721 1337 775 1419 qui
798 1335 979 1402 exenlerim
1000 1337 1228 1421 marsuppidm.

148 1443 220 1510 Sed
243 1464 352 1510 eeeum
375 1446 493 1529 ipsum:
518 1450 592 1509 ente
615 1443 706 1510 aedis
729 1443 904 1526 conspicer,
929 1444 1034 1526 qualis
1057 1443 1140 1526 void,
1164 1444 1288 1510 vetulos
1312 1443 1385 1510 dud.

37 1560 117 1616 180
142 1551 218 1616 Iam
235 1570 296 1633 ego
312 1570 361 1617 me
378 1550 564 1617 convertam
578 1549 612 1613 in
628 1547 807 1614 hirudinem
831 1549 927 1630 itque
949 1570 1057 1616 eorum
1080 1551 1244 1632 exsugeho
1261 1533 1461 1633 sanguinem,
1478 1529 1488 1548 ‘

433 1655 544 1723 senati
567 1657 622 1737 qui
645 1656 790 1721 eolumen
814 1655 930 1721 eluenl.
1428 1666 1468 1735 (1)

706 1761 915 1851 Aeduorum.
1425 1764 1429 1788 ¹

282 1869 440 1936 Continuo
462 1869 497 1934 11
519 1868 652 1935 meritus
674 1866 744 1933 liat.

697 1973 928 2038 Punrnnnrrue

787 2079 900 2145 Laudo
924 2079 1091 2146 edusilium
1113 2078 1211 2145 indm.

707 2183 916 2252 Aeoncrnuu

218 2277 220 2284 ’
282 2292 364 2359 Nem
387 2275 449 2374 egh
471 2289 560 2356 iilum
584 2287 694 2356 audivi
720 2290 754 2355 in
782 2311 922 2357 amorem
949 2288 1082 2356 haerere
1113 2287 1200 2372 apud
1228 2287 1336 2354 neeeiil
1366 2307 1464 2371 quem

1093 2395 1264 2462 fidicinim.

698 2503 928 2588 Pnurrunuus.
1294 2501 1328 2530 ”

229 2641 234 2648 ·
282 2603 321 2672 Id
344 2625 406 2689 ego
429 2605 601 2674 exerdeior.

724 2713 897 2778 Drmreun

629 2818 671 2883 Di
694 2831 744 2885 me
761 2817 866 2885 hercle
883 2818 985 2884 dmnie
1001 2817 1166 2898 adiuuent,
1191 2822 1321 2900 augent,
1345 2815 1465 2882 amini.

72 2932 134 2988 185
154 2921 220 3006 Ipsi
242 2917 276 2987 hi
300 2921 428 3006 quidem
453 2921 530 2989 mihi
549 2922 633 2990 dant
656 2925 752 3007 vidui,
777 2944 839 3008 quo
862 2929 958 3006 paeto
982 2927 1022 2990 ab
1046 2943 1081 2990 se
1105 2924 1272 3006 ingenium
1295 2922 1450 2990 auserim.

156 3027 226 3112 Age
249 3049 334 3095 nune
355 3029 421 3096 iem
445 3031 524 3096 drne
547 3035 588 3108 te,
613 3030 755 3114 lipidiee,
780 3031 812 3098 et
834 3030 999 3114 palliolum
1022 3029 1054 3094 in
1079 3029 1195 3096 ellium
1219 3027 1341 3096 conice!
1406 3039 1462 3105 (10)

157 3135 269 3216 Itaque
292 3134 490 3217 assimulato,
515 3137 605 3218 quasi
630 3158 689 3222 per
711 3137 821 3202 drbem
843 3141 944 3201 lolam
967 3135 1129 3202 hominem
1152 3134 1364 3218 quaesiveris!

282 3239 364 3322 Age,
388 3240 416 3305 ei
440 3241 518 3321 quid
541 3243 623 3324 agis.
670 3243 712 3306 Di
735 3240 947 3306 immortilesi
973 3241 1093 3306 utinam
1117 3240 1304 3308 ednveniam
1328 3239 1414 3306 domi

285 3434 321 3490 A.
339 3433 681 3504 Epidicum-Periphanes.
700 3435 865 3507 Apoetides.
940 3437 1001 3494 175.
1035 3435 1067 3491 St
1084 3437 1120 3492 A.
1140 3436 1224 3507 solue,
1244 3452 1306 3493 eum
1326 3452 1408 3492 versu
1428 3452 1469 3491 se-

158 3525 259 3590 quente
277 3521 468 3579 eoniunetum:
487 3523 523 3581 V.
543 3522 631 3591 State,
648 3525 719 3584 Pdl.
738 3530 767 3580 et
785 3526 817 3584 P.
836 3527 877 3582 Α1
895 3529 943 3583 ul:
969 3541 996 3581 r.
1016 3526 1069 3583 liii
1088 3529 1118 3580 ei
1135 3525 1186 3580 177
1211 3521 1264 3583 hue
1287 3525 1370 3584 nodo
1388 3527 1416 3586 iu
1434 3527 1469 3584 h

157 3609 235 3664 divisi
255 3614 329 3670 suni.
366 3610 482 3668 17714.
501 3610 606 3680 liquido
626 3613 750 3682 auspieie
769 3627 838 3672 exeo
858 3613 942 3682 foras,
965 3613 1051 3669 eeteri
1069 3612 1175 3682 liquido
1194 3628 1262 3668 exeo
1282 3612 1357 3672 iores
1377 3617 1469 3684 auspi-

159 3696 212 3750 eio:
232 3711 284 3752 ser.
304 3699 430 3767 auspicio
449 3698 554 3769 liquido
574 3715 627 3770 ego
647 3717 715 3757 exeo
734 3700 817 3760 iores.
859 3701 968 3756 Deinde
988 3701 1019 3758 P.
1037 3695 1067 3756 in
1086 3719 1112 3772 p.
1131 3701 1186 3760 avi.
1224 3701 1285 3758 178.
1304 3700 1334 3760 P.
1354 3708 1383 3757 et
1401 3702 1470 3760 Pell.

160 3799 237 3838 emm.
257 3785 340 3840 senis.
376 3785 412 3844 V.
432 3785 466 3840 in'
479 3788 604 3857 margine
624 3793 802 3847 extenterem.
864 3790 925 3846 179.
944 3791 974 3845 Ρ.
994 3793 1058 3858 post
1076 3790 1264 3860 eonspieor
1282 3790 1362 3846 addit
1380 3790 1471 3860 Apoe-

158 3872 242 3942 uidae,
260 3873 295 3928 V.
314 3871 376 3943 (St.)
399 3888 470 3931 em.
488 3889 530 3943 pr.
553 3874 700 3946 apeeiden,
732 3893 749 3930 a
768 3893 803 3933 m.
822 3891 877 3934 see.
897 3877 1072 3946 epomidem,
1104 3875 1185 3934 codd.
1204 3877 1288 3932 ceteri
1308 3879 1470 3947 Apiuecidue

162 3963 204 4016 rei
221 3960 391 4032 Apoeciden,
408 3962 469 4020 Pei.
490 3963 506 4016 6
526 3975 560 4016 ex
579 3967 738 4020 eorreetum
756 3981 819 4020 eum
838 3964 990 4034 Apoecide,
1010 3979 1082 4038 quae
1101 3963 1201 4021 delevi.
1249 3967 1299 4035 Lg.
1319 3967 1371 4025 red
1389 3983 1472 4023 eeeos

161 4051 231 4118 ipson
248 4050 339 4118 qualis
357 4049 421 4106 uolo
442 4067 522 4106 renes
542 4052 620 4106 dues.
659 4055 719 4110 180.
739 4055 771 4112 P.
790 4053 972 4110 hirundinem.
1003 4052 1075 4111 Non.
1093 4053 1155 4124 479,
1168 4056 1201 4108 21
1222 4057 1331 4108 vortam
1349 4055 1379 4107 in
1392 4069 1471 4110 erun-

161 4137 257 4200 diuem,
275 4136 349 4193 idem
371 4141 431 4209 102,
451 4141 487 4196 29
505 4143 666 4196 convertam
686 4141 714 4196 in
733 4143 886 4198 irundinen
905 4144 999 4210 Atque
1018 4140 1122 4195 horum
1172 4139 1280 4194 Deinde
1301 4140 1359 4196 Pel.
1379 4143 1393 4196 1
1414 4142 1471 4196 eiu-

163 4225 260 4294 gule‚3
280 4225 420 4295 exiugui0‚
438 4228 509 4284 Non.
530 4231 590 4298 102,
604 4231 639 4284 29
658 4230 807 4298 exorhebo,
825 4231 888 4300 479,
907 4233 940 4286 21
961 4227 1100 4299 exngehe.
1129 4229 1180 4298 Lg.
1200 4227 1398 4298 nihiivpraeter
1415 4229 1471 4284 lem

164 4313 302 4384 exsurgebo
321 4315 493 4383 sanguinem.
549 4319 610 4373 181.
629 4317 664 4371 ei.
684 4317 753 4374 lion.
772 4319 834 4389 484,
855 4321 898 4374 14.
937 4323 997 4375 182.
1017 4318 1052 4372 V.
1072 4317 1138 4390 (81.)
1158 4333 1211 4371 om.
1231 4317 1289 4371 ΑΡ.
1310 4316 1359 4370 sed
1380 4318 1472 4385 spatio

165 4415 295 4470 perrenae
313 4402 419 4458 reiieio.
456 4403 564 4458 Deinde
583 4404 748 4460 APOEOID
768 4423 786 4462 e
803 4425 838 4469 m,
858 4425 912 4465 see.
931 4423 957 4476 p.
978 4405 1155 4477 Periphanes.
1206 4405 1267 4461 183.
1287 4405 1322 4460 V.
1342 4419 1359 4460 a
1377 4421 1412 4462 m.
1433 4421 1472 4474 pr.

168 4503 263 4543 merem
281 4506 308 4559 p.
330 4503 457 4562 umorem,
476 4495 506 4547 P.
526 4493 595 4552 Pan.
615 4497 645 4549 el
662 4495 731 4553 Fris.
753 4495 888 4550 iuniorem
907 4513 934 4565 p.
954 4497 982 4549 in
1003 4509 1131 4550 amorem.
1172 4493 1288 4570 Deinde
1307 4493 1358 4564 Lg.
1376 4495 1472 4550 neseio

167 4575 244 4644 apud.
280 4575 410 4636 Ueterum
427 4579 545 4638 Bothins
565 4583 618 4640 del.
638 4597 701 4653 ego,
775 4585 836 4642 184.
856 4582 889 4638 V.
909 4597 1033 4640 exeruor.
1075 4582 1184 4636 Deinde
1204 4596 1248 4637 me
1266 4565 1473 4638 hereie'omnes

166 4667 274 4732 Langen
291 4667 320 4719 in
339 4665 410 4727 hine.
429 4669 517 4727 Rhen.
537 4670 614 4739 1857,
634 4687 660 4740 p.
679 4671 745 4726 431:
765 4669 848 4728 eodd.
868 4672 953 4726 eeleri
972 4671 1063 4727 hereie
1083 4683 1178 4724 omnes
1197 4685 1249 4740 me,
1267 4671 1298 4725 P.
1317 4670 1410 4726 herele
1429 4685 1472 4726 me

167 4767 263 4809 omnes.
300 4753 427 4824 Denique
444 4759 476 4814 P.
495 4763 599 4829 negem
617 4763 646 4813 et
664 4763 765 4815 ameni.
802 4761 864 4826 196.
883 4758 919 4815 V.
937 4759 998 4828 (81.)
1017 4756 1143 4828 epydiee.
1180 4759 1288 4813 Deinde
1307 4759 1338 4816 P.
1357 4763 1386 4813 el
1403 4759 1472 4817 Geli.

167 4841 425 4912 1114111111.
460 4845 589 4915 Denique
608 4847 705 4904 eoniee
723 4846 845 4904 Gellius:
865 4846 946 4903 eodd.
966 4848 1080 4904 eoniiee.
1134 4847 1195 4901 187.
1213 4845 1244 4904 Ρ.
1264 4851 1293 4900 et
1310 4847 1369 4905 Pel.
1388 4846 1474 4902 411-

170 4945 217 4999 que
234 4946 261 5001 p.
281 4929 388 5003 itaque.
405 4933 456 5002 Lg.
475 4933 616 4992 nisinun.
654 4939 716 4995 188.
734 4937 765 4994 P.
783 4940 815 4990 ni
833 4953 860 5006 p.
880 4937 994 4993 utinum.
1011 4937 1045 4992 V.
1065 4932 1131 5008 (81.)
1150 4935 1303 4992 eoueninm.
1327 5018 1346 5072 2
