3622 5658
262 307 479 572 NQu)
668 381 671 388 ·
733 359 914 417 nummus,
1440 379 1481 444 27

417 551 517 639 lpol
540 567 600 634 ego
621 523 739 632 metuo,
763 549 791 616 si
814 547 913 616 senex
935 550 1108 634 resciverit,
1441 565 1479 635 (5)

467 661 521 753 *oq
544 658 705 739 parasitos
728 655 837 736 faeiat,
861 655 914 736 qui
937 656 1039 737 daque
1062 656 1258 726 attondeant.

521 756 573 843 &a
595 761 702 828 tdrbat
725 782 776 827 res
799 760 958 844 ratioque:
981 760 1136 845 Apoecidi

574 850 638 939 ”an
660 865 823 932 fldioinam
847 867 988 949 aliquam
1011 866 1252 939 odnduetieidm.

644 972 651 985 “
681 970 799 1038 habeo:
824 993 919 1038 mane
941 972 993 1037 md
1016 973 1110 1040 iussit
1132 977 1232 1043 senex
1340 1006 1351 1020 ·

610 1097 695 1159 1nam
719 1077 879 1144 fidioindm
901 1078 971 1160 sibi,
994 1084 1029 1144 ut
1052 1079 1147 1162 domi,

546 1185 686 1250 arvinam
710 1182 841 1266 suaerat,
865 1183 1009 1249 0111111101
1031 1184 1101 1252 sibl.

468 1289 619 1372 muodtuu
634 1295 729 1370 atque
752 1288 781 1354 ei
803 1287 1116 1372 praemonstrabitdr,
1205 1271 1225 1326 ,¹

386 1429 413 1465 ,0
436 1403 532 1481 puoto
554 1397 612 1462 flat
634 1395 770 1463 subdola
792 1396 965 1462 advorsum
988 1394 1107 1462 senem.

344 1505 401 1571 lbo
424 1505 521 1571 intro:
546 1501 714 1586 argentum
737 1501 895 1584 aoeipiam
919 1502 959 1568 ab
984 1499 1139 1568 damnoso
1162 1503 1249 1570 aene.

349 1042 378 1084 ὀ

530 1749 820 1816 Suunmrroonna.
868 1747 1126 1817 Onuunmouue.

680 1911 972 1979 snnnnnnocnna.

342 2018 552 2102 Expectando
575 2018 694 2086 exeddr
716 2018 811 2083 miser
834 2021 930 2098 atque
955 2017 1130 2101 exenterdr,

344 2124 511 2208 Quomodo
534 2125 578 2190 mi
600 2123 726 2208 Epidioi
749 2120 870 2189 blanda
892 2121 979 2189 diota
1002 2124 1149 2190 evendnt.
1267 2159 1272 2170 .

341 2231 443 2297 Nimia
467 2229 522 2296 did
544 2232 697 2299 maeerdr.
721 2229 804 2296 sitne
827 2229 915 2311 quid,
939 2249 1039 2297 neone
1062 2233 1113 2305 alt,

259 2369 274 2392 ι
340 2336 429 2404 Seire
454 2336 558 2420 odpio.

696 2438 953 2507 Omnamunus.

513 2637 515 2640 Ι
588 2545 763 2612 Perillam
786 2547 843 2613 tibi
867 2547 992 2631 eopiam

249 2653 384 2740 Copiam
408 2651 505 2718 dliam
528 2651 602 2718 lieet
624 2651 755 2734 parare:
781 2653 860 2751 seiri
882 2654 915 2719 in
938 2651 1094 2738 prineipio
1118 2653 1203 2738 ilico,

250 2758 323 2825 Tibi
345 2759 467 2826 nullam
491 2757 564 2825 ease
587 2757 620 2824 in
643 2758 699 2824 illo
723 2759 861 2842 odpiam.

679 2862 969 2932 Suuaumrocuna

816 2971 927 3038 nam
949 2954 1058 3040 herere
1080 2970 1230 3055 equidem
1253 2969 1360 3037 moer.
1440 2977 1479 3047 (e)
1504 3045 1507 3052 ι

697 3073 952 3143 onlnnnonos.

118 3257 122 3268 ,
171 3178 431 3260 abundaretis,
456 3180 510 3261 qui
532 3186 564 3247 te
587 3201 690 3264 angae
714 3182 822 3248 animi.
931 3225 935 3232 ·

679 3286 970 3354 snnnnnnoonna

688 3383 692 3391 ’
801 3396 917 3462 Hercle
941 3415 1001 3480 ego
1022 3393 1114 3462 'illum
1136 3395 1237 3463 etmel
1260 3397 1288 3462 si
1310 3394 1479 3480 prendere,

172 3501 342 3583 Nunquam
365 3495 499 3565 irridere
521 3518 581 3566 noo
604 3499 739 3595 indltum
762 3499 891 3583 illunoe,
916 3500 1044 3570 servom
1066 3501 1237 3585 hominem,
1262 3503 1375 3569 sinam.

281 3653 345 3709 303.
364 3650 446 3709 oodd.
465 3653 551 3708 ueteri
570 3667 642 3722 quae
662 3669 751 3723 usque
771 3653 944 3726 attondeant,
969 3655 999 3713 P.
1020 3660 1105 3724 atque
1124 3670 1213 3727 usque
1233 3653 1386 3710 attondeat.
1425 3652 1481 3708 Ser.

157 3743 213 3810 qui
231 3755 320 3810 usque
340 3739 513 3796 attondeant.
550 3741 612 3799 304.
631 3741 662 3800 P.
681 3758 726 3799 ree
745 3741 848 3797 turbat.
887 3743 949 3800 305.
969 3733 1028 3802 Pal.
1046 3747 1063 3799 3
1082 3748 1112 3799 et
1129 3745 1161 3802 P.
1180 3743 1385 3800 oondnotiuam.
1424 3741 1485 3796 3111.

168 3829 249 3887 eodd.
268 3829 322 3886 huo
340 3829 466 3885 domum:
486 3845 539 3888 sor.
559 3835 590 3884 ut
609 3830 693 3886 domi.
747 3831 811 3889 308.
829 3831 861 3889 P.
880 3837 1002 3890 eantare.
1077 3833 1138 3891 310,
1157 3833 1239 3889 oodd.
1259 3831 1410 3886 aduersus:
1430 3844 1482 3883 aer.

169 3919 326 3977 advorsum.
364 3919 426 3974 311.
446 3918 498 3988 Lg.
516 3919 633 3974 donoso.

283 4005 319 4065 V.
339 4005 510 4066 Cheribolua.
547 4009 588 4078 Ρ,
608 4007 656 4076 qui
674 4005 746 4063 hano
765 4023 878 4063 soonam
902 4023 965 4064 oum
984 4011 1119 4078 aequente
1137 4008 1296 4079 ooniungit:
1329 4007 1482 4076 3110110110-

168 4095 232 4165 olea,
252 4093 423 4166 charmelus,
443 4095 634 4152 adoleaeentes
652 4094 719 4166 duo,
737 4096 880 4166 Epidioua.
945 4099 1007 4154 313.
1026 4101 1148 4152 evenant
1165 4095 1296 4153 Bothiua:
1317 4095 1397 4153 oodd.
1418 4109 1480 4150 eue-

167 4183 254 4242 niant.
346 4185 409 4243 314.
428 4186 463 4242 V.
481 4184 547 4258 (st.)
566 4202 583 4239 a
601 4202 637 4243 m.
656 4199 697 4252 pr.
717 4183 772 4254 Sto,
792 4203 810 4240 a
827 4203 862 4244 111.
883 4201 938 4244 seo.
958 4187 996 4256 Si,
1016 4186 1047 4243 P.
1067 4187 1106 4242 sio
1125 4203 1153 4257 p.
1171 4187 1217 4242 111.
1273 4183 1382 4240 Deinde
1402 4180 1482 4239 oodd.

168 4270 249 4328 ambo
268 4274 366 4343 nequit
383 4289 435 4330 neo
453 4274 549 4330 nescit.
659 4273 721 4329 313.
740 4273 820 4330 eodd.
841 4275 926 4328 ceteri
945 4289 1044 4343 parare
1064 4273 1145 4328 aliam
1166 4274 1243 4335 lieet,
1262 4273 1296 4328 V.
1316 4271 1366 4326 tibi
1384 4285 1486 4340 parma

167 4361 246 4417 aliam
265 4361 340 4420 lieet.
377 4363 434 4418 Sor.
456 4362 536 4418 aliam
556 4361 623 4417 lieet
641 4377 748 4430 parare.
821 4363 931 4418 Deinde
956 4361 1037 4417 oodd.
1058 4362 1127 4418 aoiui
1152 4361 1280 4432 equidem
1298 4359 1327 4413 in
1346 4359 1481 4428 principio

167 4449 253 4506 illioo:
274 4450 328 4509 del.
348 4452 485 4522 equidem.
577 4451 639 4507 317.
659 4451 741 4508 eodd.
760 4451 864 4506 nullam
883 4450 947 4506 tibi:
967 4464 1020 4508 sor.
1039 4449 1102 4505 Tibi
1122 4451 1234 4507 nullam.
1272 4446 1380 4504 Deinde
1400 4445 1482 4505 eodd.

149 4527 231 4609 ego:
251 4555 303 4598 sor.
323 4541 451 4611 equidem
466 4540 563 4615 miser.
601 4541 664 4597 318.
684 4541 713 4597 P.
734 4539 831 4598 faoiao.
863 4539 972 4596 Deinde
992 4537 1075 4596 eodd.
1096 4554 1184 4610 angae
1204 4543 1244 4592 te:
1266 4553 1317 4594 aer.
1337 4541 1364 4590 te
1385 4551 1482 4605 angae.

166 4626 292 4696 Denique
311 4628 392 4687 oodd.
413 4627 441 4684 Si
460 4627 553 4684 horele
572 4645 625 4700 ego
645 4628 820 4684 illumsemel
833 4627 1017 4698 prehendero:
1037 4643 1088 4685 ser.
1109 4626 1208 4684 Herole
1227 4640 1280 4696 ego
1299 4626 1377 4681 illum
1397 4623 1482 4678 semel

167 4715 190 4769 ai
208 4715 355 4786 prendere.
447 4717 509 4771 319.
529 4715 613 4777 oodd.
632 4719 709 4773 illum
728 4717 862 4788 inultum,
882 4717 936 4772 nisi
956 4715 1032 4783 quod
1051 4715 1086 4772 V.
1105 4714 1275 4770 inultimum:
1296 4730 1347 4770 101.
1367 4712 1483 4766 inultum

166 4802 277 4862 illunoe.
330 4801 440 4859 Deinde
459 4805 492 4860 V.
512 4805 578 4879 (st.)
597 4811 626 4861 et
644 4808 674 4865 P.
693 4807 782 4862 sinam
800 4820 910 4861 seruum
929 4803 1082 4877 hominem,
1106 4802 1187 4861 oodd.
1208 4801 1288 4859 Parei
1307 4800 1406 4871 reliqui
1424 4815 1479 4857 aer-

167 4907 229 4948 uom
249 4893 338 4950 uiuam
357 4891 508 4948 hominem:
529 4909 580 4952 aar.
601 4909 709 4950 servom
728 4893 866 4950 hominem
884 4893 982 4950 sinam.
1465 4885 1472 4900 '
