3622 5658
350 391 393 458 22
935 381 1078 448 annuus
1313 431 1315 436 .
1354 361 1357 368 ⁴
1434 381 1481 456 (n,
1499 384 1525 454 n,
1544 381 1680 452 ee-ua>

276 583 331 639 240
348 570 449 656 Oeepi
470 573 596 641 rursum
619 591 748 640 vorsum
771 571 814 638 ad
837 573 910 638 illas
933 569 1129 654 pausilla'tim
1153 568 1316 651 aeeedere'‚

351 677 451 757 Quasi
475 677 652 746 retruideret
674 678 836 746 hominium
859 699 910 745 me
931 677 982 744 vis
1004 676 1149 744 invitum.

324 757 328 779 ⁸
891 785 1124 849 Pnnnesnnns.

1178 885 1345 970 Intellege.

921 995 1095 1060 suemus.

352 1097 403 1163 Ibi
423 1096 480 1162 illa
502 1095 715 1180 intdrrogavit
738 1097 841 1164 illam:
866 1100 921 1182 qui
944 1099 1032 1164 seis?
1055 1099 1126 1180 quis
1149 1097 1184 1164 id
1208 1095 1289 1164 dixit
1310 1097 1401 1162 tibtt

353 1204 437 1282 Quia
459 1201 556 1270 hodie
580 1201 710 1274 adlatae
731 1205 871 1273 tabellae
894 1211 968 1273 sunt
984 1203 1033 1268 ad
1058 1222 1129 1269 eam
1153 1204 1173 1269 4
1195 1201 1418 1286 Stratippocle,

353 1307 535 1393 Sumpsisse
557 1308 724 1392 Argentum
747 1331 818 1380 eum
842 1311 929 1396 apud
952 1311 1081 1378 Thebas
1105 1311 1147 1377 ab
1171 1308 1299 1378 danista
1321 1307 1465 1376 foenore:

279 1413 390 1482 2451d
413 1413 562 1498 paratum
586 1434 666 1499 esse,
692 1423 723 1483 et
746 1420 785 1484 eb
809 1417 881 1484 edm
903 1438 971 1484 rem
994 1417 1027 1483 id
1049 1416 1130 1484 serre
1154 1414 1259 1486 erede.
1324 1447 1326 1452 ·

894 1525 1125 1590 Pnaunnnnns.

1291 1627 1361 1710 Dgo
1384 1624 1496 1694 oeeidt.

921 1735 1097 1800 Dnnnuus.

354 1834 445 1901 Haeo
468 1833 514 1900 sie
537 1833 626 1902 siunt
648 1853 721 1904 sese
744 1835 907 1906 audivisse
929 1859 1036 1924 eapse,
1060 1845 1157 1923 atque
1180 1837 1221 1907 ab
1246 1835 1456 1920 eaepintnls.

894 1947 1126 2012 Pnnffnnuns.
1426 2032 1431 2040 1

354 2043 440 2125 Quid
463 2065 523 2128 ege
547 2045 663 2113 seciam
685 2050 791 2116 nune?
814 2050 981 2118 eonsilium
1004 2073 1024 2116 a
1047 2058 1078 2117 te
1101 2047 1281 2135 expetesso,
1303 2047 1495 2132 Apoecides.
1586 2059 1664 2145 ¹(tp)

751 2224 753 2233 ,
905 2156 1115 2222 Apenninus.

355 2256 564 2341 Reperiamus
588 2258 712 2343 aliquid
734 2261 830 2328 edlidi
855 2261 1062 2370 conducibilis
1087 2261 1210 2330 tonsili.

354 2365 437 2432 Nam
459 2363 514 2432 ille
537 2362 665 2449 quidem
688 2369 745 2436 adt
766 2369 830 2436 iam
852 2368 902 2436 hie
926 2367 1039 2450 aderit,
1063 2366 1300 2447 eredeherele,
1324 2371 1380 2434 aut
1401 2366 1465 2432 iam
1489 2365 1592 2435 adest.

917 2475 1094 2541 sumens.

854 2651 856 2654 ,
1325 2605 1328 2613 ’
1389 2576 1424 2643 si
1447 2597 1582 2660 aequem
1604 2577 1667 2644 siet

282 2692 335 2750 250
353 2684 404 2750 Me
427 2684 499 2768 plus
523 2684 637 2770 sapere
660 2704 756 2769 quam
779 2705 846 2770 vos,
872 2685 1014 2754 dederim
1037 2686 1128 2754 vobis
1153 2685 1319 2755 edusilium
1343 2684 1458 2766 uatum,

357 2791 450 2870 Quod
472 2790 622 2874 laudetis,
646 2799 681 2860 ut
704 2813 764 2875 ego
788 2793 894 2880 opino,
918 2799 1060 2876 uterque,

899 2889 1129 2965 Pnsnnnnnns.

1100 3006 1187 3088 Ergo
1210 3005 1264 3071 ibi
1286 3003 1322 3070 id
1347 3009 1404 3086 est,
1431 3001 1584 3089 Epidius?

923 3112 1100 3177 Dntmeus.

355 3212 462 3296 Atque
485 3213 529 3284 ad
552 3213 624 3304 edm
647 3235 714 3282 nem
736 3215 945 3286 eondueibile.

910 3324 1118 3388 nannenus.
1778 3391 1779 3402 χ

966 3426 1074 3506 'Quid
1096 3427 1178 3494 istue
1201 3426 1327 3496 dubitas
1352 3425 1480 3494 disere?
1610 3435 1665 3506 (75)

432 3657 494 3714 240.
513 3656 548 3713 A.
567 3671 678 3712 uersum
697 3689 728 3697 -
748 3657 931 3725 pausillatim:
951 3658 1036 3714 ueteri
1056 3673 1167 3717 uersum
1187 3689 1220 3700 -
1241 3657 1425 3728 pauxillatim.
1441 3723 1450 3730 ¹
1489 3659 1551 3716 241.
1569 3658 1600 3712 P.
1619 3657 1666 3713 ho-

354 3737 465 3798 mine‘m.
520 3746 581 3803 242.
600 3745 630 3801 P.
650 3743 855 3814 Periph.'Qui
875 3745 950 3802 seis?
968 3751 1020 3803 ete.
1057 3746 1090 3803 V.
1111 3747 1174 3818 (St.)
1195 3741 1353 3814 Qnin'seis.
1396 3745 1504 3802 Deinde
1522 3745 1557 3804 A.
1576 3745 1630 3814 qui*
1642 3761 1667 3812 p.

329 3899 330 3904 γ
355 3831 426 3900 quis.
482 3833 543 3888 243.
563 3831 634 3897 Quia
652 3832 735 3890 hodie
756 3834 866 3891 adlatas
885 3834 1004 3894 tabellae
1024 3840 1090 3891 sunt
1108 3835 1240 3893 Bothius:
1267 3835 1347 3895 eodd.
1366 3835 1437 3901 Quin
1456 3833 1538 3890 hodie
1558 3834 1667 3890 adlatae

355 3920 400 3988 (V.
421 3917 481 3990 [St]
501 3921 612 3992 allatae)
633 3928 699 3979 sunt
717 3921 846 3993 tabellae,
865 3922 920 3978 nisi
939 3923 1013 3993 quud
1031 3926 1067 3982 A.
1086 3939 1139 3983 om.
1160 3928 1233 3984 sunt.
1270 3923 1379 3980 Deinde
1398 3923 1434 3982 A.
1454 3920 1666 3992 Strathippeele.

354 4009 416 4064 244.
436 4007 593 4078 sumpsisse
611 4016 756 4081 argentum
770 4026 831 4066 eum
841 4011 1028 4068 Hermannus:
1048 4013 1129 4068 eodd.
1148 4014 1220 4068 Eum
1240 4015 1385 4082 argentum
1406 4010 1566 4082 sumpsisse.
1603 4009 1663 4065 244.

355 4097 435 4156 codd.
455 4102 483 4152 et
502 4113 575 4154 sese:
595 4115 647 4154 ser.
667 4113 739 4167 esse,
758 4103 795 4156 et.
850 4099 959 4156 Deinde
979 4101 1010 4158 P.
1029 4115 1167 4157 emerem.
1223 4101 1349 4171 Denique
1368 4099 1548 4158 ferreeredo.
1595 4099 1662 4152 Per.

355 4185 417 4256 Ego
435 4185 525 4242 oeeidi
544 4185 680 4256 (Anystus,
699 4193 850 4257 praeeunte
868 4188 1011 4258 Acidalio,
1031 4189 1079 4258 qui
1098 4189 1230 4246 eunieeit:
1258 4183 1338 4249 ferie.
1375 4190 1449 4247 Per.
1478 4187 1582 4245 Credo:
1614 4201 1664 4255 ego

355 4274 454 4330 ueeidi.
485 4272 519 4328 V.
539 4271 619 4331 serre.
657 4275 729 4334 Per.
748 4277 825 4334 Dedo
844 4278 899 4347 (eui
920 4277 1138 4347 suprasenptun
1157 4283 1200 4334 est
1218 4280 1274 4351 die)
1292 4293 1344 4350 ego
1364 4278 1462 4348 oceidi,
1482 4276 1563 4334 eodd.
1582 4273 1664 4332 eeteri

355 4359 434 4417 terre.
480 4363 550 4418 Per.
569 4361 657 4433 cede,
677 4379 730 4433 ego
750 4364 847 4419 oeeidi.
897 4366 958 4424 246.
979 4365 1060 4422 uedd.
1080 4367 1121 4422 sie
1139 4367 1234 4422 aiebat
1253 4368 1301 4437 sia,
1320 4366 1374 4422 nisi
1394 4367 1470 4437 qued
1488 4365 1589 4424 Pall.l
1609 4367 1664 4419 et2

356 4464 439 4506 emm.
458 4450 499 4504 sie
517 4452 602 4522 prius,
622 4453 639 4506 3
659 4455 687 4506 et
707 4453 723 4505 6
742 4453 888 4521 posterius.
926 4453 982 4510 Ser.
1003 4454 1043 4510 sie
1062 4455 1138 4512 aibat
1158 4469 1228 4512 sese.
1293 4456 1402 4512 Deinde
1421 4455 1502 4512 eodd.
1522 4468 1553 4510 se
1572 4452 1608 4510 ab
1628 4465 1664 4507 se.

357 4536 414 4593 Ser.
434 4551 529 4605 eapse.
578 4538 707 4608 Denique
726 4539 761 4597 V.
781 4556 798 4594 a
816 4557 851 4598 m.
869 4557 910 4612 pr.
930 4546 1013 4612 atque
1033 4542 1068 4599 ab
1088 4542 1214 4614 epistola,
1234 4543 1309 4599 idem
1328 4559 1345 4598 a
1364 4560 1398 4599 m.
1419 4557 1475 4602 see.
1493 4547 1522 4598 et
1541 4542 1607 4598 Pall.
1627 4544 1666 4596 at·

356 4642 409 4696 que
437 4625 565 4696 epistola,
584 4627 614 4684 P.
636 4632 718 4697 utque
744 4629 898 4697 epistolam.
936 4627 993 4688 Ser.
1013 4635 1096 4700 atque
1115 4631 1150 4686 ab
1170 4647 1203 4687 ea
1222 4633 1350 4702 epistula.
1387 4630 1449 4690 247.
1468 4631 1498 4690 P.
1519 4631 1578 4688 abs.
1615 4629 1664 4697 Lg.

356 4714 503 4782 expetisse.
542 4715 576 4772 V.
596 4715 660 4790 (st.)
680 4716 833 4787 apostide's.
907 4720 968 4774 248.
987 4717 1018 4774 P.
1038 4734 1091 4777 om.
1110 4732 1258 4788 personam
1277 4719 1438 4792 Apoecidis.
1459 4718 1539 4776 eodd.
1559 4721 1664 4788 praeter

355 4800 442 4856 Pate
461 4806 490 4856 et
501 4803 532 4861 P.
552 4804 655 4861 eallidi.
692 4807 753 4862 250.
774 4806 808 4862 V.
829 4806 890 4876 (St.)
909 4810 1029 4878 sautum,
1048 4807 1080 4862 P.
1100 4806 1239 4866 eallidum.
1280 4809 1342 4867 251.
1360 4807 1392 4866 P.
1411 4807 1523 4866 ludatis.
1559 4803 1664 4861 Deinde

358 4885 441 4957 opino
460 4888 590 4947 Bothius:
611 4891 689 4948 codd.
709 4892 814 4962 opiner.
851 4894 979 4964 Denique
997 4896 1028 4956 P.
1047 4911 1102 4956 om.
1121 4894 1159 4953 id.
