3622 5658
20 333 51 398 li
152 363 193 434 (r,
217 365 248 433 1,
271 365 398 437 eo-so)
756 363 936 434 erminus,

239 628 249 640 ἱ
756 559 930 628 llsrnrcns.

324 709 332 722 .
356 655 481 743 Edepol
502 657 626 730 licinus
648 662 841 749 improbum!
1429 685 1486 753 (30)

746 772 932 840 Tnnspmo.

389 907 392 912 ·
807 878 1454 951 ·Mmmffimmm

355 970 793 1048 fflffifflmmffl
1246 982 1483 1022 '«·v

748 1088 924 1154 Erremus.

813 1192 899 1271 Quis

706 1297 930 1367 Vensenro.
1287 1349 1289 1352 -

847 1435 849 1442 ·
943 1405 1049 1484 -Quia'
1066 1405 1141 1473 inte
1163 1407 1235 1500 aliis
1258 1408 1327 1493 fnit

311 1510 315 1519 '
346 1502 515 1581 ¹Mulciber,
538 1505 643 1590 credo,
669 1527 759 1574 arma
780 1506 863 1591 tecit,
888 1529 972 1592 quae
994 1512 1106 1611 hebuit
1128 1513 1374 1601 Stratippocles:
1501 1507 1508 1516 ”

98 1616 139 1670 35
346 1610 602 1680 Trcvoltveront
625 1612 668 1680 ad
691 1613 802 1679 hostis.

746 1719 921 1786 sermons.

814 1824 898 1902 'Pnnr
921 1826 976 1892 ille
998 1827 1174 1912 prognatus
1198 1832 1294 1904 Theti
1407 1877 1427 1890 -

246 1988 251 1998 ,
351 1924 426 1991 Sine
448 1926 575 2010 perdor:
601 1926 666 1993 elia
688 1923 977 2014 appectoratio
999 1934 1093 2000 Nerei
1117 1935 1213 2004 filice.

168 2029 214 2096 Id
241 2029 340 2097 modo
363 2029 538 2100 videndum
561 2037 619 2116 est,
643 2039 677 2100 ut
700 2035 850 2101 materies
873 2038 1023 2120 suppetit
1045 2041 1202 2124 scuteriis,
1428 2055 1486 2125 (35)

167 2135 207 2204 Si
232 2137 273 2203 in
296 2135 432 2220 singolis
455 2137 624 2223 stipendiis
647 2137 692 2206 cd
714 2139 824 2209 hostes
837 2141 982 2211 ,exuvias
1006 2143 1115 2211 dabit.

361 2271 364 2278 .
735 2245 923 2314 Tnnssero.
1111 2259 1116 2290 ··

167 2346 361 2432 Supersede
382 2347 453 2416 istis
474 2349 578 2416 rebus.

743 2457 918 2523 Eernrcns.

608 2561 679 2641 Em,
701 2561 839 2644 tuipse,
863 2559 917 2628 ubi
938 2562 1036 2647 lubet,
1061 2565 1156 2632 finem
1179 2567 1261 2636 iace.

737 2667 924 2734 Vnnsenro.

106 2779 145 2835 40
164 2769 304 2836 Desiste
325 2769 570 2867 percunctorier.

686 2845 700 2870 ⁸
744 2879 918 2946 Eumene.
960 2903 972 2923 -’

610 2985 769 3067 Loquere:
793 2985 866 3070 ipse
888 2987 942 3052 ubi
966 2987 1016 3055 est
1038 2988 1294 3076 Stratippocles?

740 3091 927 3158 Tnnscrno.
1217 3102 1228 3114 '

178 3195 240 3262 Est
263 3212 391 3276 caussa,
416 3193 481 3276 qut
504 3213 622 3262 caussa
644 3195 738 3261 simdl
761 3215 885 3261 mecum
907 3198 955 3266 ire
978 3200 1122 3268 veritust.

746 3302 920 3368 Errmccn

1130 3409 1346 3490 Quidncm'id
1368 3411 1440 3510 eet?

742 3514 929 3610 Tnnssmo.
1180 3543 1184 3551 ·
1273 3513 1288 3552 '⁴

162 3616 311 3682 *Patrem
334 3616 444 3686 videre
468 3637 504 3686 se
526 3619 637 3687 nevolt
659 3620 756 3688 etiem
779 3639 874 3688 nunc.

213 4012 257 4068 33.
277 4015 342 4065 ente
360 4011 390 4064 P.
404 4009 495 4065 solus:
515 4010 600 4066 ceteri
619 4015 710 4068 anteo.
729 4009 838 4066 Deinde
851 4011 883 4070 P.
902 4011 981 4067 alios.
1013 4012 1056 4068 34.
1076 4009 1157 4066 codd.
1171 4014 1281 4078 praeter
1294 4011 1329 4066 V.
1343 4009 1407 4082 (St.)
1420 4015 1450 4066 et
1461 4011 1492 4068 P.

178 4104 244 4156 onte
261 4097 335 4154 huno
353 4113 465 4158 versum
485 4099 620 4155 denotent
638 4111 785 4166 personent
803 4095 922 4168 Epidici.
969 4100 1013 4158 35.
1030 4101 1063 4158 P.
1082 4097 1347 4157 Trcnsseledemrit.
1362 4117 1374 4148 .·
1384 4097 1493 4153 Deinde

178 4187 259 4246 codd.
278 4190 387 4257 prester
405 4187 440 4253 V.
460 4187 525 4256 (St.)
542 4201 624 4243 emm.
642 4199 791 4254 personam
810 4186 928 4255 Epidici.
967 4189 1018 4258 Lg.
1038 4187 1206 4256 inanitio.
1233 4213 1236 4220 .
1270 4186 1392 4246 36.Pc1.
1411 4181 1494 4257 Vop-

178 4274 343 4345 conabitur.
389 4275 498 4332 Deinde
527 4273 611 4330 codd.
639 4287 702 4330 oum
724 4274 812 4351 Prisc.
833 4273 881 4333 VI.
901 4291 927 4344 p.
947 4275 1001 4332 252
1019 4276 1063 4331 ed.
1081 4277 1168 4334 Hertz
1186 4275 1212 4330 ei
1231 4291 1257 4345 p.
1278 4275 1347 4330 eei..
1376 4275 1410 4330 V.
1430 4274 1493 4349 (St)

178 4365 282 4423 neerei.
319 4365 450 4422 Ceterum
469 4363 503 4420 ci.
523 4363 559 4420 de
577 4362 772 4420 enunciatione
791 4363 860 4432 ling.
878 4364 926 4422 lot.
945 4380 972 4434 p.
992 4366 1035 4423 16.
1071 4364 1117 4423 37.
1135 4364 1171 4422 V.
1190 4361 1400 4438 scmtariis.(od
1418 4379 1495 4418 oram

180 4454 326 4525 scuteriis),
340 4455 396 4524 ὡς.
415 4453 569 4522 sonnoriis,
586 4451 656 4510 Poll.
675 4453 691 4506 1
711 4456 740 4506 et
758 4452 776 4506 3
795 4453 966 4521 soruptoriis.
1016 4455 1059 4510 38.
1079 4454 1119 4523 Ρ.,
1139 4468 1193 4508 om.
1213 4450 1241 4506 Si
1261 4451 1298 4521 in,
1319 4451 1416 4520 Epid.
1436 4450 1496 4506 Sin-

83 4553 87 4560 ·
180 4541 261 4610 gnlis.
297 4541 407 4599 Deinde
427 4541 508 4601 codd.
527 4556 623 4596 ornnes
641 4539 869 4611 poststipendiis
887 4540 995 4596 nddunt
1012 4541 1046 4610 is,
1065 4541 1140 4610 qnod
1158 4538 1277 4604 Bothius
1295 4538 1408 4608 delevit,
1428 4539 1498 4594 elias

180 4626 244 4687 edd.
263 4635 384 4689 munos.
457 4631 502 4689 39.
522 4630 602 4688 codd.
622 4645 685 4688 curn
704 4630 774 4686 Non.
794 4629 839 4699 40,
858 4630 876 4686 9
894 4628 980 4686 rebus
999 4629 1062 4686 iem.
1100 4627 1158 4685 Sor.
1176 4628 1269 4685 rebus.
1289 4627 1349 4686 Em.
1385 4626 1495 4683 Deinde

181 4717 217 4774 V.
236 4717 299 4788 (st.)
317 4736 335 4774 e
352 4736 387 4778 m.
406 4736 448 4790 pr.
466 4719 505 4776 ibi
523 4735 551 4788 p.
570 4719 626 4791 ubi,
645 4719 704 4776 Pol.
724 4722 741 4776 3
759 4716 819 4774 tibi.
892 4717 936 4776 40.
955 4718 990 4776 V.
1009 4719 1230 4790 percunctanter.
1278 4717 1323 4774 41.
1341 4715 1393 4783 Lg.
1413 4730 1496 4773 cmm.

179 4821 282 4866 caussa
300 4807 448 4876 posterius.
520 4809 566 4866 42.
585 4823 615 4864 se
633 4808 731 4866 nevolt
748 4797 935 4864 Hermcnnos:
968 4805 1049 4864 codd.
1068 4821 1163 4862 senem
1181 4819 1239 4861 non
1256 4804 1329 4872 uolt,
1347 4803 1403 4861 nisi
1421 4805 1497 4875 quod

183 4896 218 4953 V.
237 4895 301 4971 (St.)
321 4895 389 4952 uult.
427 4895 536 4958 Deinde
554 4898 586 4955 P.
605 4897 648 4954 Tu
667 4897 749 4954 scies.
868 4936 889 4953 ..
1366 4913 1368 4920 ⁸
