3622 5658
922 377 1060 434 nouum
1400 379 1636 450 omnm-ee)

893 565 1069 631 ldmmons

529 709 533 720 .
1347 673 1438 738 Nino
1461 677 1620 746 auctorem

454 768 551 834 Dedit
573 771 616 836 mi
638 769 682 836 od
697 771 781 839 hano
796 793 863 840 rem
878 774 1075 859 Apoeoiddm
1087 817 1131 830 -·
1142 778 1170 843 is
1185 777 1271 861 apud
1288 777 1393 844 iorum
1408 783 1515 844 manet
1529 799 1580 844 me
1591 817 1636 826 —

451 873 560 958 Quasi,
585 897 680 960 quom
704 885 799 966 amet,
823 881 947 949 edueat.

834 987 1124 1054 Sununmeoonns.

984 1094 1078 1160 Haud
1101 1081 1225 1162 males

892 1200 1066 1266 Dmmcus.

1099 1306 1235 1372 lamium
1258 1305 1329 1389 ipse
1352 1305 1473 1371 edvitor
1496 1309 1633 1388 neptust.

452 1409 528 1491 lpse
552 1407 582 1472 in
606 1429 677 1474 meo
701 1409 784 1476 odllo
808 1415 878 1476 tuos
903 1411 996 1494 patdr
1018 1412 1193 1478 cruminam
1216 1411 1393 1477 otlloeavit.

453 1514 485 1578 Is
509 1513 653 1596 adornat,
677 1514 852 1582 ddveniens
877 1515 962 1581 domi
986 1516 1144 1601 extemplo
1167 1524 1201 1583 ut
1223 1519 1356 1582 maritus
1380 1515 1449 1580 fios.
1482 1569 1486 1576 .
1513 1589 1521 1596 ,
1572 1525 1631 1593 (25)

835 1622 1123 1688 Snnsnnpeoenns.

453 1724 523 1790 Uno
546 1725 751 1808 persuddebit
774 1726 878 1803 modo,
903 1729 931 1793 si
953 1729 1051 1811 illam,
1076 1749 1159 1811 quae
1182 1728 1324 1794 adddota
1346 1732 1395 1793 est
1418 1706 1551 1807 meedm,

454 1829 497 1895 Mi
520 1831 679 1916 adempsit
702 1833 804 1901 drous.

752 1923 758 1942 ⁸
889 1940 1065 2006 nameus.
1282 2025 1285 2030 Ι

828 2047 920 2136 Nune
942 2065 1003 2128 ego
1026 2045 1110 2111 hdne
1134 2044 1285 2110 astutiam
1308 2043 1453 2109 institiui:

450 2145 626 2214 Deveniam
650 2148 693 2214 ad
716 2149 862 2216 lenonem
885 2151 1014 2218 domum
1038 2151 1165 2233 egomet
1187 2150 1285 2214 solus.
1310 2148 1381 2214 tum
1406 2148 1537 2228 docebo,

453 2252 487 2318 Si
511 2254 565 2335 qui
590 2254 634 2318 ad
657 2275 730 2320 eum
753 2255 936 2338 adveniant,
962 2255 1079 2323 ut'sibl
1104 2256 1212 2322 datum
1237 2273 1308 2320 esse
1330 2254 1499 2336 argdntum
1523 2252 1617 2323 dieat.

455 2350 528 2438 [Pro
550 2359 693 2424 lidioina:
719 2361 845 2444 argenti
867 2361 969 2427 mines
993 2382 1029 2428 se
1051 2362 1169 2428 habere
1193 2351 1453 2443 quinquagina}
1549 2437 1551 2442 ,
1576 2368 1633 2437 (30)

454 2461 580 2548 Quippe
603 2485 663 2548 ego
687 2467 741 2551 qui
764 2466 993 2533 nudiustertids
1016 2467 1096 2532 meis
1120 2466 1266 2532 manibus
1290 2464 1490 2531 dinumeravi

454 2570 516 2634 Pro
538 2570 594 2635 illo
616 2577 672 2636 tua
695 2575 809 2654 amieo,
833 2593 930 2654 quam
953 2571 1045 2656 patdr
1069 2591 1160 2638 suam
1184 2572 1282 2636 filiam
1307 2571 1379 2636 esse
1403 2577 1499 2635 retur.

448 2673 497 2738 Ibi
520 2676 592 2741 leno
616 2675 804 2743 sedlerutum
827 2679 924 2760 oapdt
946 2697 1037 2743 suom
1060 2678 1244 2761 imprudens
1268 2676 1424 2758 adligabit,

452 2777 552 2856 Quasi
568 2801 624 2864 pro
640 2782 697 2847 ille
712 2783 879 2866 argdntum
896 2786 1065 2868 aeeeporlt,
1089 2803 1171 2865 quae
1193 2789 1298 2848 teoum
1315 2781 1454 2846 adddota
1470 2785 1553 2867 nuno
1569 2785 1626 2846 est.

832 2889 1122 2954 Snnnnmnoonns.

330 3057 335 3064 ,
452 2991 616 3056 Vorsutidr
638 3012 683 3076 es,
708 3015 804 3076 quam
827 2996 898 3061 rota
921 2995 1074 3078 liguldris

443 3123 445 3128 ·
891 3101 1066 3166 Emmaus.

1055 3207 1125 3272 Iam
1147 3203 1208 3287 dgo
1231 3203 1352 3288 parabo
1573 3213 1629 3281 (35)

451 3303 601 3388 Aliquam
625 3306 768 3375 doldsam
792 3310 963 3393 fidicinem,
987 3332 1116 3382 nummo
1139 3308 1297 3375 eonddeta
1321 3307 1476 3390 quaesit,
1552 3363 1555 3368 .

453 3410 601 3488 Quaeso
625 3421 764 3498 emptam
788 3418 925 3500 simulet,
950 3438 1032 3500 quae
1056 3417 1149 3482 sends
1173 3415 1237 3481 duo
1261 3415 1354 3480 doote
1377 3411 1566 3506 ludificetur.

450 3517 530 3583 Eum
553 3517 648 3586 duoet
669 3521 763 3586 simul
786 3520 966 3605 Apoecides
990 3521 1033 3588 ad
1056 3528 1143 3589 tuom
1166 3525 1300 3602 patrem.

401 3757 463 3812 348.
482 3757 513 3814 P.
532 3762 562 3811 et
578 3757 662 3815 Poll
684 3763 805 3814 autorem
823 3775 851 3829 p.
871 3764 1020 3824 duetorem.
1057 3760 1118 3818 350.
1136 3759 1219 3817 oodd.
1239 3772 1424 3828 omnesquae
1443 3764 1557 3815 amaret.
1576 3758 1632 3815 Sor.

322 3859 404 3914 quom
423 3849 504 3901 emet.
542 3846 661 3903 Bothius
678 3847 727 3918 qui
747 3863 807 3903 eom
828 3852 909 3907 amet.
975 3848 1085 3905 Deinde
1104 3847 1186 3906 codd.
1205 3847 1263 3902 Iam
1283 3847 1343 3918 ipse
1362 3853 1471 3902 nautor:
1491 3862 1544 3905 ser.
1564 3848 1632 3902 lam·

321 3932 375 3988 iam
393 3933 453 4002 ipse
473 3935 588 3995 devitor.
626 3935 752 4005 Denique
771 3937 805 3995 V.
825 3937 889 4008 (St.)
909 3944 1010 4008 eaptus
1029 3943 1082 3996 est.
1119 3935 1248 3992 Ceterum
1267 3937 1297 3991 P.
1317 3951 1369 3990 om.
1390 3933 1584 4007 Stratippoclis
1604 3938 1633 3989 et

324 4021 433 4090 Epidioi
453 4015 597 4094 personas.
635 4025 696 4082 351.
716 4025 746 4079 P.
766 4039 933 4084 crumenam.
983 4025 1045 4082 352.
1064 4025 1099 4081 V.
1120 4025 1182 4095 (86)
1201 4025 1252 4092 Lg.
1271 4027 1300 4077 et
1317 4023 1348 4076 P.
1367 4024 1482 4078 veniens
1500 4038 1527 4092 p.
1549 4021 1633 4078 adve-

322 4110 410 4169 niens.
447 4111 556 4166 Deinde
576 4114 604 4168 P.
625 4111 674 4166 ubl
691 4131 719 4183 p.
739 4119 778 4171 ut.
815 4113 877 4170 354.
896 4111 1014 4168 institivi
1027 4110 1129 4167 Juoob:
1148 4109 1229 4167 oodd.
1250 4110 1335 4166 ueteri
1355 4111 1471 4182 institui,
1490 4113 1540 4180 Lg.
1560 4115 1633 4166 ostn-

326 4199 392 4253 tiem
411 4198 483 4254 hone
500 4200 583 4253 etiam
603 4200 717 4257 institui.
821 4201 883 4258 355.
902 4215 964 4254 eum
984 4198 1090 4254 doeebo
1113 4199 1241 4256 Bothius:
1262 4199 1342 4258 eodd.
1362 4217 1425 4256 eum
1444 4215 1497 4269 ego
1517 4197 1631 4255 doee'bo.

326 4287 387 4344 358.
407 4286 487 4345 eodd.
507 4288 592 4343 ceteri
612 4287 641 4343 Si
660 4287 734 4358 qnid,
755 4289 784 4347 P.
803 4287 951 4357 Siquidem.
1006 4287 1115 4342 Deinde
1134 4288 1216 4344 oodd.
1235 4303 1330 4342 omnes
1350 4287 1506 4345 aduentum.
1549 4287 1633 4342 Deni-

326 4389 379 4450 que
397 4375 432 4428 V.
449 4375 510 4446 (St.)
530 4391 592 4433 esse
612 4375 716 4446 datum,
736 4377 764 4435 P.
785 4391 847 4432 osse
867 4377 960 4432 datum
979 4382 1123 4444 argentum
1142 4391 1192 4446 pro
1212 4375 1325 4431 fidioina
1343 4374 1426 4430 dieat.
1501 4375 1562 4431 357.
1583 4375 1634 4428 Pu·

327 4466 415 4531 gnont
433 4462 501 4518 haee
519 4479 581 4520 eum
609 4458 723 4535 triginta
750 4465 830 4519 minis
857 4463 929 4519 inira
947 4479 972 4521 v.
1002 4465 1054 4521 886
1074 4471 1102 4519 et
1121 4469 1187 4535 688,
1211 4471 1242 4519 ut
1260 4463 1456 4518 animadvertit
1474 4462 1632 4518 Aoidslius:

326 4565 383 4605 rem
402 4549 540 4619 explicare
560 4557 676 4607 oonetue
704 4558 748 4608 est
765 4553 905 4622 Ladewig.
925 4552 952 4605 in
975 4551 1080 4607 diurnis
1104 4553 1233 4622 antiquit.
1253 4569 1278 4608 a.
1298 4553 1365 4606 184l
1387 4565 1413 4617 p.
1434 4551 1511 4606 1088.
1541 4549 1575 4606 ei.
1595 4556 1633 4604 ta·

327 4655 390 4694 men
408 4641 440 4695 n.
461 4639 575 4694 Mueller
593 4639 628 4694 de
646 4639 763 4710 Epidion
783 4657 809 4710 p.
824 4641 866 4696 12.
904 4639 965 4696 668.
984 4640 1019 4695 V.
1039 4639 1099 4710 (St.)
1117 4639 1304 4696 denumeravi.
1341 4639 1401 4695 360.
1421 4639 1455 4696 V.
1474 4637 1538 4712 (66.)
1558 4645 1586 4693 et
1606 4637 1635 4692 P.

327 4727 461 4798 alligauit.
500 4728 560 4783 362.
581 4725 683 4784 Strat.
703 4730 736 4786 V.
756 4727 1031 4799 (duunchado.
1063 4727 1171 4783 Deinde
1190 4727 1267 4783 Serv.
1288 4726 1323 4782 ad
1342 4723 1414 4784 Aen.
1434 4725 1469 4794 ll,
1488 4727 1523 4782 82
1541 4742 1633 4780 versa·

266 4801 270 4809 “
327 4817 389 4873 nor.
408 4815 473 4874 nno.
492 4815 527 4886 x,
546 4816 598 4872 nu
617 4823 668 4875 oo.
706 4817 832 4886 nonque
853 4817 882 4874 n.
903 4816 948 4870 nn
967 4833 994 4885 p.
1013 4816 1080 4874 iam.
1118 4816 1180 4872 eoo.
1199 4816 1248 4884 ng.
1267 4813 1377 4884 nuqua.
1416 4816 1478 4871 364.
1497 4813 1578 4868 noete
1599 4813 1634 4868 o.

327 4905 414 4960 solus:
434 4904 520 4960 ueteri
539 4904 628 4961 doote.
667 4905 717 4976 Lg.
737 4904 870 4962 ludificet.
907 4905 968 4961 365.
988 4905 1018 4960 P.
1037 4919 1091 4961 om.
1109 4915 1257 4972 personam
1276 4901 1478 4973 Stratippoolis.
