3622 5658
931 399 1072 460 rusum
1397 403 1456 476 (111,
1475 406 1502 478 4,
1523 405 1639 479 ao-eo)

928 589 1050 656 Minas.

456 696 606 763 Animum
629 692 772 775 advorte,
795 695 841 775 rit,
863 693 950 777 quod
972 714 1032 778 ego
1055 695 1098 764 ad
1120 701 1152 760 te
1174 693 1278 777 adulo,
1300 695 1484 781 intellegis.
1582 712 1639 780 (20)

459 803 564 870 Meam
589 801 727 869 amicam
750 797 860 866 audivi
883 805 916 866 te
939 819 1010 867 asse
1032 799 1218 868 mdroatum.

873 904 1103 972 Pnumnnnas.
1413 967 1418 977 ,

1238 1001 1384 1079 lomb

459 1123 551 1189 Nune
575 1117 702 1186 demum
726 1117 792 1184 seio
815 1137 875 1200 ego
899 1115 992 1200 huno,
1017 1117 1071 1201 qui
1095 1118 1149 1184 sit:
1174 1118 1270 1202 qndm
1293 1113 1412 1185 dudum
1436 1116 1589 1204 Epidicus

460 1225 538 1293 Mihi
560 1222 760 1308 praedietvit
781 1222 923 1288 militem.
947 1221 1145 1306 adulescens,
1169 1225 1215 1292 ita
1238 1223 1296 1309 est,

457 1332 501 1400 Ut
523 1330 618 1398 diois:
644 1327 716 1394 emi.

928 1433 1051 1500 Munus.

390 1610 394 1619 ,
575 1609 577 1624 ‚
751 1540 832 1606 Volo
854 1544 886 1606 te
907 1540 1014 1608 verbis
1039 1539 1195 1624 paueulis,

432 1649 492 1732 ,si
514 1647 571 1713 tibi
594 1646 762 1713 molestum
784 1666 848 1711 non
870 1651 929 1713 est.

870 1752 1102 1818 Pnsmamms.

964 1857 1036 1924 Ndn
1059 1855 1174 1942 edepol
1197 1855 1274 1924 sold.

458 1967 627 2033 Molestum
649 1962 713 2029 udn
737 1967 795 2045 est,
819 1961 864 2028 nil
889 1962 917 2028 si
941 1961 1033 2045 dieis,
1057 1961 1143 2045 quod
1165 1963 1258 2028 velis.

927 2068 1050 2134 ans.

458 2179 502 2245 Mi
523 2178 615 2244 illam
636 2179 672 2241 ut
693 2175 864 2256 tramittas,
888 2179 1057 2255 argentum
1080 2173 1239 2257 ioeipias:
1264 2173 1368 2243 addat.

457 2286 541 2352 Nam
564 2278 640 2364 quid
662 2299 724 2362 ego
747 2276 835 2362 apid
856 2283 888 2343 te
910 2299 1063 2344 areanum
1084 2277 1200 2346 vdrear
1221 2281 1391 2366 proloquii
1427 2329 1430 2340 .
1490 2285 1492 2292 '

459 2390 528 2470 Ego
551 2387 640 2452 illam
662 2385 737 2451 volo
759 2382 857 2451 hddie
877 2382 984 2450 faeere
1007 2385 1154 2451 libertam
1176 2387 1293 2469 metm,

422 2492 434 2512 ¹
454 2493 531 2560 Mihi
555 2491 734 2560 oonoubina
757 2508 840 2573 quae
863 2489 914 2555 sit.

868 2596 1099 2664 Pnnmununs.

949 2703 997 2769 Te
1020 2701 1187 2769 absolvam
1211 2704 1313 2768 brevi:

459 2808 593 2896 Argenti
617 2806 851 2892 quinquaginta
873 2807 917 2873 mi
941 2809 998 2874 illa
1021 2813 1127 2894 empta
1150 2815 1199 2875 est
1221 2808 1325 2874 minis.

459 2905 494 2983 Si
516 2915 688 2998 sexaginta
710 2913 789 2979 mihi
812 2913 1059 2980 denimerantur
1081 2913 1197 2995 minae,
1372 2917 1374 2922 '

459 3003 1176 3105 mmffimmm'

459 3129 565 3211 Atque
586 3126 632 3191 ita
653 3124 807 3210 proiecto,
830 3131 865 3190 ut
888 3143 959 3191 eam
983 3146 1023 3192 ex
1045 3124 1107 3192 hoo
1129 3123 1376 3210 exomesagrd.

928 3233 1049 3300 Munus.

357 3385 366 3396 .
455 3341 555 3404 Estne
579 3342 688 3422 empta
711 3335 793 3402 haee
817 3338 919 3403 mihi?

871 3445 1102 3511 Pnnreununs.
1558 3463 1571 3486 ·

964 3550 1041 3616 Istis
1062 3545 1188 3630 legibus
1211 3545 1337 3643 habeas
1355 3548 1439 3616 lieet.
1581 3557 1638 3631 (35)

408 3866 471 3923 445.
491 3863 526 3924 Α.
545 3870 650 3924 auerte.
723 3863 832 3923 Deinde
850 3866 901 3938 Lg.
921 3864 988 3938 quid
1006 3881 1034 3938 p.
1055 3865 1156 3938 quod·
1203 3863 1331 3938 Denique
1350 3865 1386 3926 Α
1408 3865 1445 3922 ad
1463 3870 1492 3922 te
1511 3862 1640 3922 aduenio.

329 3955 391 4012 446.
410 3954 526 4012 Attatae
545 3953 579 4010 Α
602 3955 690 4011 solus:
710 3953 795 4010 aeteri
813 3957 920 4028 Attalo,
938 3956 969 4014 P.
988 3955 1065 4014 Atat
1120 3953 1182 4014 441.
1201 3953 1232 4011 Ρ.
1251 3971 1304 4012 om.
1322 3953 1410 4014 Nune.
1457 3954 1519 4013 450.
1536 3954 1568 4013 P.
1588 3969 1640 4010 om.

328 4043 460 4115 Periph.
498 4043 550 4114 Lg.
569 4044 683 4099 Militem
702 4043 829 4098 inserunt
847 4049 912 4098 ants
932 4044 1013 4100 seio.
1080 4043 1143 4101 451.
1162 4043 1192 4101 P.
1212 4047 1241 4098 et
1258 4043 1309 4113 Lg.
1330 4057 1411 4102 omm.
1430 4059 1494 4100 nou.
1531 4041 1640 4098 Deinde

329 4132 365 4191 A.
385 4131 562 4199 ommutuit,
601 4131 681 4191 codd.
701 4132 784 4188 aeteri
803 4132 865 4190 nisi.
902 4133 970 4187 Inde
989 4147 1042 4190 ser.
1061 4131 1101 4186 nil
1120 4132 1153 4188 si.
1194 4129 1325 4201 Denique
1344 4131 1419 4201 quod
1437 4131 1472 4191 A.
1492 4129 1580 4188 solus:
1599 4146 1640 4186 ra·

327 4222 397 4293 liqui
414 4220 490 4291 quid.
528 4217 658 4275 Getarum
678 4219 712 4275 A.
733 4224 798 4276 aute
817 4235 882 4276 uon
902 4225 931 4275 et
949 4224 1015 4275 aute
1033 4218 1119 4274 nihil
1132 4253 1134 4260 ·
1147 4219 1238 4289 spatia
1256 4219 1337 4290 quasi
1356 4219 1483 4290 personis
1502 4221 1641 4276 destinata

329 4309 448 4379 reliquit.
496 4309 558 4366 452.
577 4308 608 4362 P.
627 4309 811 4365 transmittas.
848 4307 957 4363 Deinde
976 4305 1069 4362 Adest
1086 4307 1121 4366 A.
1141 4307 1216 4362 solus
1234 4323 1297 4364 eum
1317 4307 1408 4378 spatio
1425 4324 1576 4380 personae:
1595 4325 1638 4366 oe·

329 4397 381 4451 teri
400 4398 474 4452 Per.
493 4396 613 4466 Habeas,
631 4395 663 4453 P.
681 4400 775 4451 tamen
793 4410 915 4465 persona
933 4393 1096 4464 Periphanta
1115 4394 1227 4453 omissa.
1287 4397 1349 4455 453.
1368 4397 1404 4455 A.
1422 4411 1522 4453 uerear
1540 4413 1639 4469 aream,

329 4486 414 4540 aeteri
433 4499 553 4554 paream,
571 4485 602 4543 P.
620 4499 723 4553 parem.
761 4483 817 4542 Sor.
837 4499 967 4540 areanum
985 4497 1091 4539 verear.
1127 4482 1189 4540 454.
1208 4483 1273 4539 uolo
1293 4483 1373 4540 hodie
1391 4485 1426 4540 A.
1446 4485 1536 4541 solus:
1556 4487 1640 4543 aeteri

328 4572 412 4630 bodie
431 4574 506 4630 uolo.
543 4572 652 4628 Deinde
671 4573 701 4630 P.
720 4571 846 4630 liberam.
892 4571 954 4628 457.
974 4571 1009 4627 V.
1027 4569 1090 4643 (St.)
1109 4575 1139 4625 et
1155 4571 1186 4628 P.
1207 4585 1285 4627 omm.
1307 4569 1343 4626 Si.
1381 4571 1490 4627 Deinde
1509 4573 1540 4631 P.
1560 4575 1639 4632 dinu-

327 4665 474 4719 merentur.
510 4661 572 4719 459.
592 4662 623 4718 Ρ.
641 4675 753 4716 versum
766 4659 846 4715 Militi
859 4659 962 4716 tribuit.
993 4659 1141 4715 Praeterea
1160 4658 1241 4714 codd.
1260 4658 1345 4714 ceteri
1362 4675 1504 4728 exoneres,
1523 4663 1555 4720 P.
1575 4678 1638 4718 one·
1661 4707 1674 4718 .

328 4767 388 4806 res:
408 4769 461 4811 ser.
480 4766 608 4810 exornes.
627 4750 662 4807 51.
681 4751 743 4808 461.
828 4751 891 4808 460.
909 4749 961 4816 Lg.
980 4754 1009 4803 et
1026 4747 1061 4806 V.
1080 4745 1160 4802 Militi
1178 4746 1247 4801 daut
1265 4745 1352 4804 Estne
1371 4755 1465 4820 empta
1484 4749 1550 4804 milri
1569 4747 1640 4806 haee

327 4840 391 4896 istis
409 4840 527 4910 legibus,
545 4841 598 4895 uisi
619 4839 695 4911 quod
713 4839 748 4899 V.
767 4839 819 4895 tibi
837 4856 865 4910 p.
884 4836 960 4906 mihi,
977 4833 1126 4905 Periphani
1143 4833 1256 4891 Habeas
1275 4833 1348 4909 lieet,
1367 4835 1436 4896 Pali.
1455 4844 1484 4894 et
1502 4837 1534 4896 P.
1551 4835 1640 4893 Estne

328 4932 421 4997 empta
440 4928 507 4985 milri
525 4928 612 5002 Militi,
632 4935 726 4985 cetera
744 4927 843 4986 eodem
862 4926 958 4984 ordine
976 4925 1133 4996 Periphani.
1174 4926 1293 4982 Versum
1312 4927 1456 4984 constituit
1475 4925 1602 4986 Botlriua.
