3622 5658
185 381 249 452 (tn,
268 383 296 452 4,
314 382 433 454 36-48)
779 386 958 446 nummus,
1003 419 1005 422 -
1033 466 1036 472 ,

587 653 591 658 ,
787 575 909 641 Munus.

320 675 540 744 Oeneiiievisti
562 678 682 760 pulcre.
907 670 909 682 '

733 786 964 854 Pnnnnmnu.

720 891 821 960 Heus!
846 891 932 964 seras
956 891 1091 973 edueitd,

319 992 424 1071 Quam
448 992 671 1062 introduxistis
695 996 866 1064 fidicinam.
891 999 988 1081 etque
1012 999 1107 1065 etiam
1129 996 1220 1080 fides,

254 1098 357 1192 &Ei
380 1118 465 1180 quae
488 1101 663 1185 aenessdre,
688 1102 808 1168 addam
830 1104 887 1170 tibi
910 1102 995 1170 diuo
1019 1104 1141 1188 gratiis.

254 1185 399 1287 '‘Age,
423 1204 534 1290 aeeipe
555 1205 640 1276 hine
663 1210 718 1276 sis.

785 1315 907 1382 dimine.

823 1420 915 1498 Quae
936 1428 968 1504 te
990 1420 1199 1504 intemperiae
1221 1419 1354 1486 teuent?
1477 1410 1479 1414 ’

316 1519 404 1598 Ques
428 1525 463 1586 tu
486 1521 562 1586 mihi
585 1523 733 1590 tenebras
755 1524 881 1591 trudis?
904 1527 980 1606 quin
1002 1531 1047 1591 tu*
1061 1525 1224 1592 fidieindm
1349 1563 1354 1572 ι
1444 1536 1501 1606 (4ο)

223 1671 225 1676 -
318 1625 406 1726 Intus
431 1625 563 1710 produci
587 1629 701 1696 iubes?

727 1738 960 1804 Punmnuuns.

771 1844 865 1910 Haec
882 1844 960 1926 erge
982 1849 1032 1909 est
1053 1842 1197 1910 fidieind:
1317 1913 1318 1918 ,
1426 1885 1431 1900 =

317 1947 377 2014 Hie
400 1946 467 2014 alia
490 1947 580 2016 utilis
603 1954 661 2016 est.
708 1943 709 1948 ’
1017 2029 1018 2039 ¹
1262 1946 1268 1965 '

786 2057 911 2122 Munus.

620 2206 623 2214 ·
702 2163 795 2228 uon
818 2163 896 2230 mihi
917 2162 1034 2246 migeti
1059 2163 1163 2248 potes.

318 2262 403 2343 Quin
426 2269 460 2331 tu
483 2263 547 2332 hue
570 2266 1222 2352 producis.fidieinamderopolistidem?

727 2373 959 2467 Pnumpuune.

318 2476 418 2561 Haeo,
443 2477 585 2560 inquam,
610 2485 667 2545 est.

783 2585 907 2652 ans.

721 2692 793 2759 Ndn
815 2690 907 2778 haee,
929 2694 1072 2776 inquam,
1097 2698 1159 2763 est:
1182 2691 1247 2758 ndu
1270 2690 1399 2757 novisse
1421 2690 1473 2782 md

188 2790 192 2796 ’
317 2793 422 2860 Meam
444 2814 515 2862 rere
537 2798 675 2863 amicum
698 2800 816 2881 posse?

309 2904 316 2928 ⁸
729 2903 960 2971 Pnnmuuune

845 3009 947 3091 Hane,
971 3012 1102 3093 iuquam
1125 3009 1211 3074 filiius
1445 3016 1502 3088 (45)

318 3075 408 3178 Meus
431 3110 598 3210 deperibat
620 3111 792 3179 fidieiuem.

328 3261 332 3270 -
782 3219 904 3286 ane.

845 3323 937 3392 Haeo
959 3345 1024 3392 nen
1046 3330 1096 3392 est
1118 3325 1168 3391 ee.
1207 3379 1208 3388 ,

726 3429 960 3498 Pnnunnuuns.

321 3532 429 3611 Quid?
451 3554 515 3601 uon
539 3537 611 3600 est?

671 3667 673 3674 ·
781 3641 903 3708 timus.

644 3747 716 3814 tun
739 3753 798 3813 est.
917 3767 964 3809 A

727 3854 960 3921 annnmns.

827 3956 921 4024 Unde
943 3956 1024 4024 haee
1046 3958 1143 4040 igitur
1165 3956 1306 4040 gentium
1330 3957 1402 4021 est?

320 4063 477 4145 Equidem
499 4064 607 4130 hercle
631 4065 799 4148 argeutum
822 4084 880 4148 pm
903 4063 967 4128 hae
990 4062 1075 4128 dedi.

268 4216 331 4274 461.
349 4215 385 4274 V.
405 4216 468 4286 (St.)
486 4231 539 4272 om.
558 4233 706 4286 personam
725 4219 828 4276 Militis.
870 4217 900 4278 P.
920 4215 1024 4274 ducite.
1113 4215 1178 4274 463.
1196 4217 1226 4273 P.
1244 4215 1334 4284 Eique
1354 4243 1387 4254 -
1407 4214 1502 4282 gratis.

187 4304 279 4361 Etiam
296 4303 331 4360 V.
350 4303 412 4374 (st.)
432 4321 504 4358 am.
524 4320 578 4368 see
597 4295 716 4374 gratiss
765 4308 914 4362 Praeterea
933 4302 1013 4359 codd.
1033 4302 1084 4358 tibi
1105 4303 1220 4358 addam:
1240 4321 1290 4360 ser.
1310 4319 1372 4357 eum
1391 4302 1502 4372 Engere

188 4393 237 4448 Ad
253 4391 429 4462 prosodieum
447 4391 541 4448 Plauti
560 4409 588 4462 p.
605 4393 632 4448 X
652 4393 753 4448 eddam
773 4394 833 4451 tibi.
889 4393 951 4450 464.
970 4407 1044 4463 quse
1062 4397 1090 4446 te
1109 4392 1290 4461 intemperiae
1307 4390 1342 4446 m
1356 4389 1447 4445 sulus:
1467 4389 1503 4447 V.

188 4481 248 4538 Pel.
267 4483 285 4538 3
304 4488 332 4536 et
349 4483 380 4539 P.
401 4497 473 4552 ques
492 4482 681 4552 intemperiae,
700 4482 770 4538 Pell.
789 4482 837 4538 elii
856 4497 927 4551 quee
945 4486 974 4535 te
993 4479 1173 4549 intemperiae
1193 4487 1229 4537 te.
1277 4477 1340 4536 465.
1360 4477 1395 4536 V.
1414 4478 1503 4534 trudis

191 4584 262 4626 am.
283 4584 338 4628 see.
358 4571 438 4640 quasi
458 4576 541 4626 antee
559 4571 643 4626 fueu't
661 4571 749 4626 nudie.
805 4571 867 4628 466.
888 4569 968 4628 eodd.
988 4571 1073 4624 eeteri
1093 4568 1214 4624 Preduei
1231 4569 1315 4637 intus,
1334 4567 1365 4623 P.
1384 4567 1503 4622 Perduei

189 4659 276 4716 iutus:
297 4672 350 4712 ser.
369 4658 447 4713 Intus
465 4660 589 4729 produci.
626 4659 737 4718 Deinde
755 4661 787 4717 P.
807 4674 860 4716 om.
880 4657 1014 4728 Periph.
1068 4659 1130 4714 467.
1150 4659 1179 4715 P.
1198 4657 1251 4710 Est
1268 4655 1313 4710 hie
1331 4656 1395 4712 ulia.
1432 4655 1502 4711 Per.

189 4747 272 4824 Nuda
290 4751 341 4802 est.
377 4746 440 4804 468.
460 4746 492 4803 V.
511 4748 573 4819 (St.)
593 4747 807 4818 euopolistidem
837 4748 865 4802 A
884 4747 981 4802 addite
1001 4763 1114 4802 amsnu
1132 4744 1331 4814 recentissima,
1350 4744 1380 4799 P.
1401 4759 1502 4812 exepe-

188 4834 318 4894 listidem.
390 4837 453 4892 469.
472 4837 508 4893 Α.
527 4837 675 4908 iuquumst,
693 4842 813 4906 utroque
832 4834 904 4891 loeo.
958 4834 1022 4894 470.
1041 4835 1076 4894 V.
1096 4835 1158 4904 (St.)
1176 4838 1204 4889 et
1222 4834 1254 4892 P.
1272 4833 1340 4887 Eam
1359 4847 1386 4901 p.
1404 4831 1501 4890 Meam.

188 4924 295 4980 Deinde
315 4923 350 4981 A.
370 4939 434 4981 esee
453 4939 480 4993 p.
500 4939 594 4995 pesse.
643 4926 705 4985 472.
726 4925 760 4982 A.
780 4925 942 4993 gentiumst.
