3622 5658
928 375 1066 434 ιιιιιιιι
1399 377 1459 450 (ιιι,
1476 381 1504 452 ι,
1523 381 1575 437 ιι-
1596 381 1641 450 ιι)

935 563 1057 632 Mune

1247 669 1361 738 'Stulte
1383 671 1507 740 detinn-

457 775 551 857 Reor,
575 777 743 860 poenitum
766 777 908 860 largiter.

872 883 1103 950 Pnnnnnnnne.
1375 969 1383 978 .

945 990 1047 1056 Immo
1068 987 1151 1056 haee
1172 1007 1213 1056 ee
1235 987 1300 1068 dni:

458 1093 542 1162 Nem
565 1113 692 1161 servom
714 1095 799 1177 miei,
822 1095 875 1178 qni
898 1093 990 1160 illum
1011 1093 1129 1162 denteri
1151 1093 1234 1161 solii
1585 1107 1643 1180 (5ο)

460 1201 566 1268 Meum
590 1205 733 1286 gnatum.
757 1201 786 1267 ie
808 1204 879 1284 ipse
901 1199 986 1266 hane
1010 1198 1183 1267 destindvii
1205 1197 1377 1270 iidieinim.

926 1306 1048 1372 mnne.

460 1411 520 1478 lim
541 1409 614 1480 istie
636 1411 732 1480 homo
756 1417 788 1480 ie
811 1411 1005 1480 Attienleiim
1027 1410 1176 1495 edneidit,
1200 1412 1310 1495 eendx,

462 1517 694 1586 Tuoeeervoe.

1015 1938 1070 2006 Sin
1093 1939 1233 2027 suspicio
1255 1940 1316 2008 dei.

461 2043 545 2110 Nem
568 2061 626 2126 pro
651 2043 781 2111 iidieina
804 2043 886 2110 haee
907 2063 1005 2112 nerva
1027 2046 1196 2132 edppoeita
1219 2052 1268 2114 esi
1289 2046 1356 2114 iibi.

458 2144 574 2231 Senex,
599 2147 655 2215 tibi
678 2149 715 2216 de
740 2155 789 2218 ont
811 2150 961 2218 sublitdm
983 2150 1080 2236 plene
1102 2157 1135 2219 ei
1155 2153 1266 2237 probe.

872 2255 1105 2324 Pnn1nnenns.

460 2357 531 2442 ligo
553 2358 643 2426 illam
665 2363 824 2444 requiam
846 2361 922 2442 iem,
945 2362 1053 2428 ubiubi
1076 2368 1136 2429 eet.
1159 2362 1305 2446 bellator,
1328 2363 1412 2432 veie.

459 2464 561 2548 Euge,
586 2485 676 2550 enge,
700 2464 845 2551 Epidiee,
869 2466 954 2550 frugi
977 2486 1027 2536 ee:
1051 2467 1247 2554 pignavinii.
1271 2467 1366 2536 homo
1389 2469 1435 2553 de,

460 2570 522 2649 Qui
545 2592 597 2640 me
620 2573 791 2640 emunxisti
813 2572 983 2657 mneidim,
1005 2573 1139 2641 minumi
1162 2578 1254 2660 preti.

459 2676 619 2746 Menenius
641 2684 674 2746 ie
696 2678 792 2748 hddie
815 2684 865 2745 eet
887 2679 928 2745 de
950 2679 1064 2748 lendne
1086 2679 1291 2766 Apoecides?

903 2785 1076 2859 F1n1c1ni.

458 2887 572 2956 Fando
595 2909 656 2975 ego
679 2890 762 2958 istne
784 2891 901 2960 ndmen
925 2909 1088 2974 nunquam
1110 2889 1221 2957 andivi
1242 2896 1323 2958 anie
1340 2891 1426 2962 hune
1447 2892 1542 2976 didm,
1583 2903 1639 2972 (60)

461 2995 572 3077 Neque
595 3016 646 3064 me
668 2997 796 3080 quidem
819 2997 925 3065 emere
948 2996 1117 3079 qnisquam
1139 2995 1206 3062 ulli
1227 2997 1364 3082 peennii

461 3099 680 3196 Potuiigplus
703 3103 767 3170 iim
791 3122 862 3171 eum
884 3102 986 3169 liberi
1008 3099 1268 3185 qidnquenniim.

873 3207 1104 3279 Pnnnninne.

463 3310 549 3389 Quid
572 3313 630 3379 tibi
650 3315 761 3399 negdii
784 3320 834 3382 eni
856 3335 948 3382 meae
971 3313 1058 3405 domi
1079 3313 1200 3398 igitur?

903 3409 1076 3487 Pinnem.

1230 3507 1362 3578 Andids.

460 3612 627 3681 Condueia
650 3616 733 3699 vini,
758 3622 793 3682 ut
815 3615 931 3682 fidibus
953 3614 1223 3697 ednteremeeni

257 3721 312 3777 490
458 3718 542 3786 Dum
564 3741 631 3786 rem
655 3719 799 3788 divinam
823 3721 953 3788 iaceret.

410 3852 473 3910 474.
493 3853 574 3914 eodd.
592 3861 702 3926 praeter
721 3856 756 3915 A.
775 3871 872 3913 omnen
890 3855 964 3911 Reor
982 3858 1012 3911 et
1027 3859 1181 3926 pennatum.
1211 3853 1322 3912 Deinde
1333 3855 1370 3912 A.
1383 3853 1453 3912 haee
1465 3859 1518 3926 eet,
1536 3869 1589 3915 om.
1602 3873 1645 3914 ee.

329 3942 391 3998 475.
410 3943 458 4013 qui
477 3943 554 4002 ilium
571 3945 607 4006 A.
626 3949 716 4005 solue:
744 3949 779 4007 V.
797 3948 952 4007 miei.....
966 3947 1014 4016 qui
1033 3947 1142 4018 eeetari,
1169 3945 1244 4002 unde
1273 3943 1406 4001 nonlieies
1434 3943 1511 4006 illuni
1530 3945 1585 4015 qui,
1612 3945 1645 4005 P.

333 4044 386 4090 om.
405 4032 453 4102 qni
471 4033 558 4095 illum.
599 4037 662 4094 476.
680 4037 706 4092 ie
724 4037 785 4106 ipse
803 4035 876 4093 hene
894 4033 1045 4092 destinauit
1062 4038 1098 4092 A.
1117 4034 1208 4092 solue:
1227 4034 1312 4088 deteri
1330 4033 1390 4104 ipse
1409 4033 1481 4091 hene
1498 4033 1573 4105 emit,
1593 4034 1647 4090 nisi

337 4120 413 4188 qnod
432 4121 467 4180 V.
487 4138 548 4178 num
568 4123 669 4180 lacuna
687 4129 753 4195 posi
772 4124 845 4193 emit,
864 4124 939 4192 quod
957 4124 988 4181 P.
1007 4137 1122 4192 prorsus
1140 4137 1194 4180 om.
1265 4119 1327 4178 477.
1346 4119 1382 4179 A.
1400 4121 1469 4180 Pail.
1489 4123 1504 4177 1
1524 4126 1553 4178 et
1569 4121 1588 4176 5
1606 4137 1648 4178 er-

331 4207 485 4267 tinnitum.
521 4211 631 4266 Deinde
650 4212 685 4268 A.
705 4213 839 4269 concidis.
874 4211 937 4268 478.
957 4210 1012 4278 Qui
1029 4209 1065 4269 A.
1084 4215 1114 4267 et
1132 4211 1176 4269 P.:
1195 4209 1281 4268 deteri
1299 4209 1381 4276 Quid.
1418 4209 1528 4266 Deinde
1548 4208 1582 4268 A.
1601 4223 1646 4264 su-

332 4297 454 4364 spiciost.
508 4301 571 4357 479.
591 4301 674 4357 codd.
691 4307 802 4371 praeter
820 4299 855 4357 A.
874 4312 970 4356 omnen
989 4313 1071 4356 emm.
1090 4314 1181 4359 cerva.
1229 4301 1292 4357 480.
1311 4298 1346 4357 V.
1365 4314 1383 4354 e
1400 4315 1436 4354 m.
1457 4313 1498 4370 pr.
1518 4299 1646 4368 sulatum,

331 4400 422 4443 esee.
441 4387 562 4444 eulitnm.
617 4388 680 4446 481.
700 4389 730 4443 Ρ.
750 4404 803 4446 om.
822 4386 954 4456 Periph.
1008 4387 1071 4444 488.
1091 4387 1126 4446 A.
1145 4402 1235 4457 engen
1254 4385 1647 4458 eugne‚eodd.·eeter1enge

331 4472 412 4542 frugi.
449 4473 481 4530 In
500 4475 534 4532 V.
544 4473 607 4544 (St.)
625 4480 718 4531 tamen
738 4491 837 4531 manns
856 4489 954 4531 reeens
973 4489 1056 4544 supra
1075 4475 1148 4545 frugi
1167 4475 1281 4546 scripsit
1299 4488 1386 4545 euge,
1404 4479 1436 4530 ui
1455 4476 1577 4532 coniecit
1595 4475 1647 4532 Cn·

331 4560 472 4619 merarius.
508 4563 618 4620 Deinde
637 4565 668 4620 P.
688 4564 799 4634 Epidioi
818 4595 846 4606 ω
860 4562 988 4619 homines
1007 4577 1034 4632 p.
1054 4562 1136 4619 homo
1155 4579 1193 4633 es,
1213 4561 1293 4620 codd.
1313 4575 1408 4618 omnes
1428 4568 1521 4620 eutem
1540 4577 1645 4635 pugna-

333 4650 378 4709 eii.
415 4650 542 4708 Correxit
559 4652 615 4712 iem
634 4652 663 4707 in
682 4653 717 4709 V.
737 4651 799 4724 (Si.)
817 4651 1003 4710 camerarius.
1057 4653 1121 4710 483.
1139 4651 1170 4707 Ρ.
1191 4649 1366 4710 exmnnxieti.
1407 4653 1470 4711 484.
1489 4652 1525 4711 A.
1544 4651 1647 4710 Meroe-

332 4744 390 4796 tum
409 4743 452 4795 eei
470 4743 499 4796 te
517 4739 601 4796 hodie
618 4747 663 4797 eei
681 4740 788 4800 lenone.
824 4741 887 4799 485.
907 4737 942 4798 A.
961 4740 1096 4800 Pandam.
1114 4739 1184 4811 Ego,
1204 4741 1239 4800 V.
1258 4739 1387 4798 Ehodum
1406 4757 1469 4814 ego,
1487 4743 1557 4800 Pell.
1576 4741 1646 4814 etP.

221 4831 226 4847 ¹
330 4827 468 4900 Eundem,
486 4844 539 4885 om.
560 4843 623 4898 ego.
660 4828 717 4885 Ser.
737 4829 835 4886 Fando
856 4843 919 4900 ego.
965 4828 1074 4886 Deinde
1092 4829 1166 4887 ietne
1184 4844 1285 4886 nomen
1303 4829 1435 4888 Boihius:
1454 4829 1535 4889 codd.
1554 4821 1663 4885 ieiune?

331 4914 479 4975 hominem.
498 4915 535 4975 ei.
555 4917 635 4986 capt.
654 4918 681 4988 3,
699 4921 724 4982 4,
744 4920 806 4976 101.
842 4917 906 4976 487.
925 4917 960 4978 ei.
979 4919 1066 4979 Poen.
1084 4935 1111 4980 v.
1130 4919 1174 4977 85.
1209 4917 1273 4980 488.
1290 4918 1327 4979 A.
1345 4919 1475 4989 negotist.
