3622 5658
303 1329 305 1336 ,
424 1167 426 1172 ’
574 1223 1012 1384 pannonum

136 1443 221 1558 Ex
246 1437 407 1582 Epidico
445 1435 584 1557 codicis
616 1435 849 1560 Ambrosiani
884 1491 1026 1558 exstant
1060 1484 1151 1562 folia
1176 1473 1460 1590 quatuordeeim,
1538 1447 1544 1465 Ι

147 1605 248 1687 quae
273 1589 410 1657 textum
437 1581 620 1656 continent
645 1583 691 1657 ab
717 1571 821 1657 initio
846 1583 992 1658 fabulae
1016 1607 1133 1680 usque
1159 1583 1205 1658 ad
1229 1608 1264 1658 v.
1279 1587 1332 1658 27
1352 1583 1462 1658 116166

128 1679 332 1775 editionis,
361 1703 440 1757 61.
470 1682 653 1770 78-108,
680 1705 703 1755 6
726 1706 761 1758 v,
791 1683 999 1774 145-177,
1028 1708 1050 1756 a
1073 1707 1107 1757 u.
1134 1685 1345 1776 206-243,
1374 1707 1401 1756 6
1424 1706 1458 1757 v,

143 1781 220 1856 435
246 1800 365 1875 usque
391 1777 581 1873 adfinem,
608 1785 649 1853 ut
677 1779 882 1877 significavi
907 1779 946 1854 in
970 1779 1064 1856 libro
1091 1779 1135 1854 de
1162 1779 1286 1856 codiee
1311 1778 1463 1855 Ambro-

144 1876 254 1952 siano
279 1901 314 1973 p.
337 1880 394 1951 26.
432 1875 537 1970 Quae
553 1877 638 1952 inde
655 1878 780 1967 adtuli,
806 1885 911 1952 aucta
937 1886 1020 1952 sunt
1037 1901 1149 1975 opera
1174 1879 1243 1952 viri
1261 1877 1462 1953 doctissimi

145 1971 194 2052 Gr.
225 1974 465 2070 Studemund,
498 1977 562 2070 qui
594 1977 669 2050 acri
699 1977 838 2051 intenta
869 1977 1054 2052 oculorum
1080 1977 1159 2053 6616
1184 1977 1316 2051 librum
1342 1976 1462 2073 perlu·
1590 2001 1598 2062 ;
1640 1993 1674 2044 ¹.

144 2079 269 2148 straus
296 2073 385 2150 duas
409 2074 563 2148 lacunas
588 2074 627 2148 in
650 2099 685 2152 v.
701 2079 772 2150 495
799 2077 931 2150 61626
958 2075 1128 2171 explevit.
1172 2075 1274 2151 Idem
1301 2073 1480 2150 codicem-

147 2169 354 2264 Camerarii
368 2170 540 2248 Veterem
558 2172 676 2248 denuo
694 2180 941 2270 perscrutatus
959 2180 1014 2248 est
1039 2173 1200 2270 mihique
1226 2173 1352 2269 copias
1379 2195 1464 2247 suas

146 2271 364 2363 transmisit,
390 2293 537 2367 rogans,
564 2279 604 2344 ut
622 2293 685 2344 cas
700 2271 863 2368 integras
881 2271 920 2344 in
937 2295 1043 2346 usum
1060 2295 1179 2346 meum
1206 2279 1461 2347 converterem.

147 2366 222 2444 Sed
247 2369 352 2444 nolui
376 2369 460 2442 viro
484 2367 529 2442 dc
555 2392 613 2443 me
638 2368 886 2464 meritissimo,
919 2370 980 2464 qui
1012 2371 1092 2467 ipse
1122 2371 1244 2445 Plauti
1270 2369 1463 2444 editionem
1510 2439 1515 2446 .

148 2474 348 2563 paraturus
372 2474 437 2563 cst,
466 2487 613 2564 operam
638 2467 858 2542 laboriosam
884 2469 1110 2565 praeripere,
1139 2470 1242 2543 euius
1267 2469 1416 2543 ubertas
1441 2491 1463 2542 a

69 2643 73 2650 ,
149 2565 307 2641 66661116
337 2566 448 2641 huius
479 2563 650 2641 editionis
681 2566 802 2640 aliena
826 2567 930 2643 foret.
984 2565 1080 2641 Satis
1105 2566 1216 2641 habui
1241 2589 1285 2640 ea
1310 2587 1463 2641 comme·
1615 2570 1625 2586 ‘

148 2686 306 2759 morare,
327 2665 461 2760 quibus
477 2663 588 2738 Parci
605 2672 713 2739 notae
730 2665 860 2761 augeri
877 2665 938 2739 vel
956 2664 1319 2762 emendaripossent.
1354 2665 1464 2739 Prae-

147 2768 255 2856 terea
277 2770 411 2857 autem,
447 2785 541 2859 quae
565 2761 706 2838 Parcus
736 2785 781 2868 err
814 2763 944 2838 ceteris
974 2786 1039 2837 sex
1069 2763 1173 2838 libris
1197 2763 1378 2840 Palatinis
1403 2763 1465 2839 ad·
1580 2845 1587 2858 ,

146 2861 241 2956 tulit,
261 2862 392 2959 repetii
409 2884 530 2956 neque
549 2861 694 2936 codices
713 2861 927 2957 Langianos
945 2862 1104 2957 neglexi,
1133 2883 1284 2956 quorum
1301 2859 1464 2936 notitiam

175 2959 382 3037 otissimum
415 2983 461 3034 ex
492 2959 652 3035 editione
682 2958 920 3055 Hervagiana
949 2959 1064 3042 Basil.
1091 2963 1185 3034 1568
1218 2966 1347 3034 nactus
1372 2981 1463 3036 sum.

43 3099 45 3110 .
146 2981 256 3148 ι6666
281 3059 376 3132 inde·
391 3059 555 3155 profecta
572 3065 664 3150 sunt,
691 3058 823 3133 litteris
840 3058 923 3155 Lg,
950 3066 990 3133 ut
1016 3082 1073 3154 ea,
1099 3081 1193 3153 quae
1219 3055 1465 3132 Studemundo

149 3153 278 3250 debeb,
304 3157 433 3231 litteris
461 3156 511 3232 st.
537 3156 723 3253 insignivi.

229 3253 336 3330 Haeo
361 3262 454 3351 sunt,
482 3278 577 3352 quae
603 3254 649 3329 ad
669 3254 764 3328 hano
780 3254 928 3350 Epidioi
945 3253 1142 3329 editionem
1167 3254 1367 3351 praefanda
1383 3277 1485 3330 esse

153 3353 358 3448 uideantur.
402 3353 445 3428 ln
461 3353 626 3428 Poenulo
639 3393 641 3396 ·
655 3348 785 3448 autem,
812 3352 978 3450 proximo
1006 3377 1101 3427 anno
1127 3376 1225 3428 ame
1250 3353 1356 3445 edita,
1384 3375 1466 3427 sero

138 3452 335 3528 'nonnulla
361 3453 610 3547 animadverti,
638 3475 732 3547 quac
757 3453 830 3526 iam
856 3453 991 3527 rectius
1017 3452 1185 3526 constitui
1210 3459 1380 3549 possunt:
1418 3451 1465 3528 V.

155 3554 228 3627 486
254 3549 405 3626 Reizius
432 3551 587 3626 coniecit
612 3558 672 3625 aut
698 3551 883 3626 auscultas
938 3612 944 3626 .
974 3550 1208 3644 auscultabis,
1236 3549 1466 3626 68251111

152 3650 237 3724 xius
264 3651 385 3724 secius
410 3674 445 3746 p.
474 3657 529 3724 est
554 3671 679 3736 secus,
711 3674 746 3725 v.
769 3653 859 3724 1171
890 3576 1110 3746 Slpengdius
1134 3648 1465 3746 praepollentes-p.

152 3748 421 3843 praevalentes,
448 3772 482 3822 v.
504 3751 599 3821 1238
628 3747 858 3822 scribendum
877 3769 958 3822 esse
974 3748 1119 3821 videtur
1143 3747 1268 3822 hercle
1286 3771 1307 3821 o
1325 3753 1465 3843 patrue,

150 3869 185 3920 u.
206 3849 277 3931 477
306 3847 475 3922 secabam
493 3869 527 3941 p.
548 3847 735 3940 necabam,
762 3869 795 3918 v.
818 3848 1059 3919 1267-1268
1086 3852 1205 3919 autem
1222 3843 1468 3922 1166616166-

150 3941 253 4019 166111
280 3966 376 4020 csse:
410 3944 463 4018 nil
495 3943 591 4018 enim
607 3943 714 4018 ‘dotis
746 3943 962 4039 promiserat
985 3943 1179 4018 Hannov.
1200 3946 1305 4018 1150.
1358 3943 1467 4018 Ρ166·

151 4049 254 4118 16166
270 4067 303 4116 v.
322 4047 392 4118 876
418 4043 616 4139 legendum
641 4042 701 4116 vel
727 4048 825 4115 66116
847 4041 1161 4139 pronunciandum
1188 4049 1241 4116 661
1260 4039 1469 4116 Sincerasto

150 4166 187 4240 p.
209 4141 441 4239 Syncerasto,
467 4148 509 4215 ut
533 4141 753 4237 ambiguitas
778 4140 881 4222 vocis
901 4146 1092 4238 appareat;
1119 4164 1152 4214 v.
1172 4141 1244 4216 552
1261 4138 1404 4236 corrige
1428 4145 1469 4214 tu

150 4263 189 4336 p.
215 4246 294 4334 tuo,
329 4240 401 4313 665
433 4237 618 4314 dehortari
647 4262 682 4334 p.
712 4238 906 4312 dehortari.
933 4283 983 4294 —
1012 4236 1072 4311 Ad
1102 4263 1137 4315 v.
1157 4240 1226 4312 381
1261 4236 1468 4312 addendum

153 4344 222 4411 est:
251 4336 354 4412 codd.
372 4336 482 4412 huius
498 4361 534 4435 p.
552 4336 715 4430 huiusce,
745 4335 791 4409 ad
810 4339 882 4432 960
908 4335 952 4414 Α.
981 4335 1104 4413 hercle
1121 4360 1224 4412 meus
1242 4335 1466 4429 collibertus,

153 4433 200 4507 ad
227 4438 323 4510 1104
349 4435 453 4512 codd.
482 4459 563 4510 cum
588 4434 633 4511 Α.
661 4457 801 4509 omnes:
828 4435 842 4508 i
868 4441 977 4529 atque
1003 4456 1130 4512 evoca.
1180 4433 1314 4508 Deleri
1340 4441 1469 4530 atque

153 4555 235 4608 cum
259 4531 385 4608 Brixio
412 4533 457 4609 de
484 4532 649 4608 Terentii
672 4533 808 4609 fabulis
834 4532 1072 4608 emendandis
1097 4558 1132 4632 p.
1159 4522 1207 4607 X.
1252 4532 1397 4606 Deinde
1421 4529 1467 4607 Α.

152 4627 255 4705 illum
281 4631 314 4704 si
337 4656 404 4711 cae
431 4640 523 4727 sunt,
552 4655 620 4708 om.
640 4655 753 4708 meac.
793 4631 965 4727 Denique
989 4631 1032 4707 P.
1051 4633 1121 4704 hac
1138 4656 1174 4729 p.
1194 4653 1270 4726 eae,
1299 4630 1345 4704 ad
1372 4631 1467 4705 1285

152 4727 384 4804 scribendum
409 4731 463 4827 P,
492 4755 561 4806 om.
590 4731 678 4828 quid
703 4731 784 4826 hoo,
826 4730 914 4826 quid
942 4729 1015 4804 hoc
1041 4728 1119 4804 est?
1160 4728 1207 4804 ad
1236 4731 1331 4804 1326
1356 4752 1389 4802 v.
1419 4731 1464 4801 11
1506 4761 1508 4769 ·

153 4826 343 4925 usquead
370 4830 476 4926 13p.
505 4833 661 4906 12-14.
712 4827 1004 4909 De-nbminibus
1036 4836 1155 4906 autem
1185 4825 1315 4905 Militis
1341 4833 1378 4905 et
1401 4825 1466 4904 Vi·
1594 4903 1605 4910 .

154 4924 218 5008 lici
242 4926 343 5002 litem
368 4949 443 5006 non
467 4940 607 5008 moveo.
1025 4942 1029 4952 “
