<?xml version="1.0" encoding="UTF-8"?>
<!DOCTYPE html PUBLIC "-//W3C//DTD XHTML 1.0 Transitional//EN"
    "http://www.w3.org/TR/xhtml1/DTD/xhtml1-transitional.dtd">
<html xmlns="http://www.w3.org/1999/xhtml" xml:lang="en" lang="en">
 <head>
  <title>
</title>
<meta http-equiv="Content-Type" content="text/html;charset=utf-8" />
  <meta name='ocr-system' content='tesseract 3.04.00' />
  <meta name='ocr-capabilities' content='ocr_page ocr_carea ocr_par ocr_line ocrx_word'/>
</head>
<body>
  <div class='ocr_page' id='page_1' title='image "./macciplautiepid00geppgoog_0012.png"; bbox 0 0 3622 5658; ppageno 0'>
   <div class='ocr_carea' id='block_1_1' title="bbox 627 1497 1034 1566">
    <p class='ocr_par' dir='ltr' id='par_1_1' title="bbox 627 1497 1034 1566">
     <span class='ocr_line' id='line_1_1' title="bbox 627 1497 1034 1566; baseline 0 -4"><span class='ocrx_word' id='word_1_1' title='bbox 627 1499 801 1566; x_wconf 81' lang='lat' dir='ltr'>Errnrens.</span> <span class='ocrx_word' id='word_1_2' title='bbox 848 1497 1034 1562; x_wconf 79' lang='lat' dir='ltr'>Tensnnro.</span> 
     </span>
    </p>
   </div>
   <div class='ocr_carea' id='block_1_2' title="bbox 340 1675 1478 3538">
    <p class='ocr_par' dir='ltr' id='par_1_2' title="bbox 340 1675 1478 3538">
     <span class='ocr_line' id='line_1_2' title="bbox 740 1675 916 1738; baseline 0 0"><span class='ocrx_word' id='word_1_3' title='bbox 740 1675 916 1738; x_wconf 69' lang='lat' dir='ltr'>demens.</span> 
     </span>
     <span class='ocr_line' id='line_1_3' title="bbox 340 1737 681 1850; baseline -0.012 0"><span class='ocrx_word' id='word_1_4' title='bbox 340 1737 455 1850; x_wconf 78' lang='lat' dir='ltr'>Heus</span> <span class='ocrx_word' id='word_1_5' title='bbox 479 1775 681 1847; x_wconf 78' lang='lat' dir='ltr'>adulescens.</span> 
     </span>
     <span class='ocr_line' id='line_1_4' title="bbox 737 1885 922 1950; baseline -0.016 0"><span class='ocrx_word' id='word_1_6' title='bbox 737 1885 922 1950; x_wconf 78' lang='lat' dir='ltr'>Tnnsrnro.</span> 
     </span>
     <span class='ocr_line' id='line_1_5' title="bbox 589 1986 1478 2079; baseline 0.007 -22"><span class='ocrx_word' id='word_1_7' title='bbox 589 2033 593 2040; x_wconf 88' lang='lat'><strong>·</strong></span> <span class='ocrx_word' id='word_1_8' title='bbox 712 1988 791 2070; x_wconf 82' lang='lat' dir='ltr'>Quis</span> <span class='ocrx_word' id='word_1_9' title='bbox 813 1986 1037 2074; x_wconf 68' lang='lat' dir='ltr'>proponentem</span> <span class='ocrx_word' id='word_1_10' title='bbox 1059 2009 1111 2054; x_wconf 89' lang='lat' dir='ltr'>me</span> <span class='ocrx_word' id='word_1_11' title='bbox 1132 1993 1335 2076; x_wconf 76' lang='lat' dir='ltr'>reprehendit</span> <span class='ocrx_word' id='word_1_12' title='bbox 1356 1997 1478 2079; x_wconf 77' lang='lat' dir='ltr'>pallio?</span> 
     </span>
     <span class='ocr_line' id='line_1_6' title="bbox 745 2095 921 2160; baseline 0 -1"><span class='ocrx_word' id='word_1_13' title='bbox 745 2095 921 2160; x_wconf 75' lang='lat' dir='ltr'>Erremus,</span> 
     </span>
     <span class='ocr_line' id='line_1_7' title="bbox 346 2199 537 2268; baseline -0.016 0"><span class='ocrx_word' id='word_1_14' title='bbox 346 2199 537 2268; x_wconf 75' lang='lat' dir='ltr'>Femihs&#39;eris.</span> 
     </span>
     <span class='ocr_line' id='line_1_8' title="bbox 710 2281 1056 2372; baseline -0.003 -1"><span class='ocrx_word' id='word_1_15' title='bbox 710 2281 923 2371; x_wconf 57' lang='lat' dir='ltr'>&#39;Tnnsrnro</span> <span class='ocrx_word' id='word_1_16' title='bbox 999 2364 1003 2372; x_wconf 86' lang='lat'>.</span> <span class='ocrx_word' id='word_1_17' title='bbox 1052 2355 1056 2362; x_wconf 93' lang='lat'>.</span> 
     </span>
     <span class='ocr_line' id='line_1_9' title="bbox 583 2399 1385 2494; baseline 0.001 -17"><span class='ocrx_word' id='word_1_18' title='bbox 583 2411 709 2494; x_wconf 80' lang='lat' dir='ltr'>Fateor,</span> <span class='ocrx_word' id='word_1_19' title='bbox 733 2431 809 2477; x_wconf 83' lang='lat' dir='ltr'>nem</span> <span class='ocrx_word' id='word_1_20' title='bbox 832 2409 907 2477; x_wconf 83' lang='lat' dir='ltr'>odio</span> <span class='ocrx_word' id='word_1_21' title='bbox 930 2430 976 2492; x_wconf 90' lang='lat' dir='ltr'>es,</span> <span class='ocrx_word' id='word_1_22' title='bbox 999 2409 1132 2478; x_wconf 88' lang='lat' dir='ltr'>nimium</span> <span class='ocrx_word' id='word_1_23' title='bbox 1154 2399 1385 2480; x_wconf 52' lang='lat' dir='ltr'>similiariterf</span> 
     </span>
     <span class='ocr_line' id='line_1_10' title="bbox 745 2518 920 2582; baseline 0.006 -1"><span class='ocrx_word' id='word_1_24' title='bbox 745 2518 920 2582; x_wconf 74' lang='lat' dir='ltr'>hermene.</span> 
     </span>
     <span class='ocr_line' id='line_1_11' title="bbox 657 2620 1093 2707; baseline -0.002 -17"><span class='ocrx_word' id='word_1_25' title='bbox 657 2620 794 2706; x_wconf 76' lang='lat' dir='ltr'>Respice</span> <span class='ocrx_word' id='word_1_26' title='bbox 816 2621 903 2704; x_wconf 75' lang='lat' dir='ltr'>vero,</span> <span class='ocrx_word' id='word_1_27' title='bbox 928 2622 1093 2707; x_wconf 81' lang='lat' dir='ltr'>Thesprio.</span> 
     </span>
     <span class='ocr_line' id='line_1_12' title="bbox 743 2729 926 2796; baseline 0 0"><span class='ocrx_word' id='word_1_28' title='bbox 743 2729 926 2796; x_wconf 75' lang='lat' dir='ltr'>Tflesnnro.</span> 
     </span>
     <span class='ocr_line' id='line_1_13' title="bbox 1136 2833 1200 2900; baseline -0.031 0"><span class='ocrx_word' id='word_1_29' title='bbox 1136 2833 1200 2900; x_wconf 84' lang='lat' dir='ltr'>Oh!</span> 
     </span>
     <span class='ocr_line' id='line_1_14' title="bbox 658 2938 1165 3025; baseline -0.002 -18"><span class='ocrx_word' id='word_1_30' title='bbox 658 2939 870 3025; x_wconf 72' lang='lat' dir='ltr'>Epidiedmne</span> <span class='ocrx_word' id='word_1_31' title='bbox 892 2961 953 3024; x_wconf 86' lang='lat' dir='ltr'>ego</span> <span class='ocrx_word' id='word_1_32' title='bbox 976 2938 1165 3024; x_wconf 79' lang='lat' dir='ltr'>eonspicor?</span> 
     </span>
     <span class='ocr_line' id='line_1_15' title="bbox 741 3049 919 3126; baseline 0 -12"><span class='ocrx_word' id='word_1_33' title='bbox 741 3049 919 3126; x_wconf 72' lang='lat' dir='ltr'>hermeus.</span> 
     </span>
     <span class='ocr_line' id='line_1_16' title="bbox 658 3151 1107 3248; baseline 0.004 -31"><span class='ocrx_word' id='word_1_34' title='bbox 658 3151 743 3248; x_wconf 84' lang='lat' dir='ltr'>Setis</span> <span class='ocrx_word' id='word_1_35' title='bbox 766 3161 853 3220; x_wconf 90' lang='lat' dir='ltr'>reete</span> <span class='ocrx_word' id='word_1_36' title='bbox 875 3155 977 3222; x_wconf 80' lang='lat' dir='ltr'>oeulis</span> <span class='ocrx_word' id='word_1_37' title='bbox 999 3156 1107 3223; x_wconf 82' lang='lat' dir='ltr'>uteris.</span> 
     </span>
     <span class='ocr_line' id='line_1_17' title="bbox 539 3255 926 3326; baseline 0.005 -2"><span class='ocrx_word' id='word_1_38' title='bbox 539 3255 541 3260; x_wconf 82' lang='grc'><strong>’</strong></span> <span class='ocrx_word' id='word_1_39' title='bbox 739 3260 926 3326; x_wconf 76' lang='lat' dir='ltr'>Tnnsrsro</span> 
     </span>
     <span class='ocr_line' id='line_1_18' title="bbox 660 3364 765 3433; baseline 0.019 -5"><span class='ocrx_word' id='word_1_40' title='bbox 660 3364 765 3433; x_wconf 87' lang='lat' dir='ltr'>Salve.</span> 
     </span>
     <span class='ocr_line' id='line_1_19' title="bbox 749 3473 923 3538; baseline -0.011 0"><span class='ocrx_word' id='word_1_41' title='bbox 749 3473 923 3538; x_wconf 79' lang='lat' dir='ltr'>Errnrcns.</span> 
     </span>
    </p>
   </div>
   <div class='ocr_carea' id='block_1_3' title="bbox 815 3575 1190 3658">
    <p class='ocr_par' dir='ltr' id='par_1_3' title="bbox 815 3575 1190 3658">
     <span class='ocr_line' id='line_1_20' title="bbox 815 3575 1190 3658; baseline -0.008 -16"><span class='ocrx_word' id='word_1_42' title='bbox 815 3578 858 3642; x_wconf 85' lang='lat' dir='ltr'>Di</span> <span class='ocrx_word' id='word_1_43' title='bbox 882 3575 968 3658; x_wconf 89' lang='lat' dir='ltr'>dent,</span> <span class='ocrx_word' id='word_1_44' title='bbox 993 3576 1190 3658; x_wconf 73' lang='lat' dir='ltr'>quaerelis.</span> 
     </span>
    </p>
   </div>
   <div class='ocr_carea' id='block_1_4' title="bbox 181 3675 608 3772">
    <p class='ocr_par' dir='ltr' id='par_1_4' title="bbox 181 3675 608 3772">
     <span class='ocr_line' id='line_1_21' title="bbox 181 3675 608 3772; baseline 0.009 -30"><span class='ocrx_word' id='word_1_45' title='bbox 181 3675 299 3742; x_wconf 88' lang='lat' dir='ltr'>Venire</span> <span class='ocrx_word' id='word_1_46' title='bbox 322 3675 447 3742; x_wconf 80' lang='lat' dir='ltr'>stlvom</span> <span class='ocrx_word' id='word_1_47' title='bbox 470 3677 608 3772; x_wconf 77' lang='lat' dir='ltr'>gaudeo.</span> 
     </span>
    </p>
   </div>
   <div class='ocr_carea' id='block_1_5' title="bbox 660 3785 930 3968">
    <p class='ocr_par' dir='ltr' id='par_1_5' title="bbox 660 3785 930 3968">
     <span class='ocr_line' id='line_1_22' title="bbox 742 3785 927 3852; baseline 0.011 -2"><span class='ocrx_word' id='word_1_48' title='bbox 742 3785 927 3852; x_wconf 77' lang='lat' dir='ltr'>Tnnsrnro</span> 
     </span>
     <span class='ocr_line' id='line_1_23' title="bbox 660 3889 930 3968; baseline 0 -13"><span class='ocrx_word' id='word_1_49' title='bbox 660 3889 745 3968; x_wconf 80' lang='lat' dir='ltr'>Quid</span> <span class='ocrx_word' id='word_1_50' title='bbox 769 3891 930 3956; x_wconf 81' lang='lat' dir='ltr'>eetertm‘?</span> 
     </span>
    </p>
   </div>
   <div class='ocr_carea' id='block_1_6' title="bbox 749 3999 1218 4180">
    <p class='ocr_par' dir='ltr' id='par_1_6' title="bbox 749 3999 1218 4180">
     <span class='ocr_line' id='line_1_24' title="bbox 749 3999 925 4064; baseline 0 0"><span class='ocrx_word' id='word_1_51' title='bbox 749 3999 925 4064; x_wconf 72' lang='lat' dir='ltr'>ememus.</span> 
     </span>
     <span class='ocr_line' id='line_1_25' title="bbox 965 4096 1218 4180; baseline -0.016 -12"><span class='ocrx_word' id='word_1_52' title='bbox 965 4098 1059 4179; x_wconf 81' lang='lat' dir='ltr'>Quod</span> <span class='ocrx_word' id='word_1_53' title='bbox 1082 4096 1218 4180; x_wconf 82' lang='lat' dir='ltr'>adsolet,</span> 
     </span>
    </p>
   </div>
   <div class='ocr_carea' id='block_1_7' title="bbox 183 4200 512 4270">
    <p class='ocr_par' dir='ltr' id='par_1_7' title="bbox 183 4200 512 4270">
     <span class='ocr_line' id='line_1_26' title="bbox 183 4200 512 4270; baseline 0.012 -4"><span class='ocrx_word' id='word_1_54' title='bbox 183 4201 274 4267; x_wconf 75' lang='lat' dir='ltr'>(tene</span> <span class='ocrx_word' id='word_1_55' title='bbox 295 4200 352 4269; x_wconf 89' lang='lat' dir='ltr'>tibi</span> <span class='ocrx_word' id='word_1_56' title='bbox 375 4202 512 4270; x_wconf 72' lang='lat' dir='ltr'>debitur.</span> 
     </span>
    </p>
   </div>
   <div class='ocr_carea' id='block_1_8' title="bbox 176 4379 1494 4893">
    <p class='ocr_par' dir='ltr' id='par_1_8' title="bbox 176 4379 1494 4893">
     <span class='ocr_line' id='line_1_27' title="bbox 247 4379 1490 4456; baseline 0.005 -22"><span class='ocrx_word' id='word_1_57' title='bbox 247 4379 292 4438; x_wconf 85' lang='lat' dir='ltr'>·A.</span> <span class='ocrx_word' id='word_1_58' title='bbox 310 4379 455 4450; x_wconf 83' lang='lat' dir='ltr'>Thesprio.</span> <span class='ocrx_word' id='word_1_59' title='bbox 472 4382 615 4452; x_wconf 80' lang='lat' dir='ltr'>Epidicus.</span> <span class='ocrx_word' id='word_1_60' title='bbox 652 4383 687 4439; x_wconf 91' lang='lat' dir='ltr'>V.</span> <span class='ocrx_word' id='word_1_61' title='bbox 706 4383 768 4456; x_wconf 83' lang='lat' dir='ltr'>(St.)</span> <span class='ocrx_word' id='word_1_62' title='bbox 787 4383 930 4453; x_wconf 81' lang='lat' dir='ltr'>Epidicus.</span> <span class='ocrx_word' id='word_1_63' title='bbox 949 4383 1095 4454; x_wconf 88' lang='lat' dir='ltr'>Thesprio.</span> <span class='ocrx_word' id='word_1_64' title='bbox 1113 4382 1191 4438; x_wconf 79' lang='lat' dir='ltr'>Semi</span> <span class='ocrx_word' id='word_1_65' title='bbox 1210 4382 1274 4439; x_wconf 90' lang='lat' dir='ltr'>duo.</span> <span class='ocrx_word' id='word_1_66' title='bbox 1312 4379 1343 4437; x_wconf 93' lang='lat' dir='ltr'>P.</span> <span class='ocrx_word' id='word_1_67' title='bbox 1364 4381 1490 4448; x_wconf 86' lang='lat' dir='ltr'>Tesprio.</span> 
     </span>
     <span class='ocr_line' id='line_1_28' title="bbox 178 4457 1492 4541; baseline 0.005 -22"><span class='ocrx_word' id='word_1_68' title='bbox 178 4465 203 4519; x_wconf 94' lang='lat'>1.</span> <span class='ocrx_word' id='word_1_69' title='bbox 221 4467 399 4534; x_wconf 83' lang='lat' dir='ltr'>reprehendit</span> <span class='ocrx_word' id='word_1_70' title='bbox 417 4470 452 4526; x_wconf 85' lang='lat' dir='ltr'>A.</span> <span class='ocrx_word' id='word_1_71' title='bbox 473 4471 561 4525; x_wconf 82' lang='lat' dir='ltr'>solus:</span> <span class='ocrx_word' id='word_1_72' title='bbox 580 4471 665 4526; x_wconf 88' lang='lat' dir='ltr'>eeteri</span> <span class='ocrx_word' id='word_1_73' title='bbox 683 4471 839 4539; x_wconf 78' lang='lat' dir='ltr'>prehendit.</span> <span class='ocrx_word' id='word_1_74' title='bbox 877 4473 903 4526; x_wconf 88' lang='lat'>3.</span> <span class='ocrx_word' id='word_1_75' title='bbox 922 4471 957 4529; x_wconf 92' lang='lat' dir='ltr'>V.</span> <span class='ocrx_word' id='word_1_76' title='bbox 978 4461 1040 4541; x_wconf 75' lang='lat' dir='ltr'>(St)</span> <span class='ocrx_word' id='word_1_77' title='bbox 1059 4485 1126 4526; x_wconf 92' lang='lat' dir='ltr'>uero</span> <span class='ocrx_word' id='word_1_78' title='bbox 1145 4469 1284 4540; x_wconf 89' lang='lat' dir='ltr'>dhesprio‚</span> <span class='ocrx_word' id='word_1_79' title='bbox 1303 4470 1354 4537; x_wconf 82' lang='lat' dir='ltr'>Lg.</span> <span class='ocrx_word' id='word_1_80' title='bbox 1374 4457 1492 4525; x_wconf 79' lang='lat' dir='ltr'>obseero</span> 
     </span>
     <span class='ocr_line' id='line_1_29' title="bbox 180 4551 1492 4628; baseline -0.007 -10"><span class='ocrx_word' id='word_1_81' title='bbox 180 4567 207 4618; x_wconf 74' lang='lat'>1)-</span> <span class='ocrx_word' id='word_1_82' title='bbox 226 4551 370 4624; x_wconf 85' lang='lat' dir='ltr'>Thesprio.</span> <span class='ocrx_word' id='word_1_83' title='bbox 408 4555 540 4614; x_wconf 80' lang='lat' dir='ltr'>cetemm</span> <span class='ocrx_word' id='word_1_84' title='bbox 558 4557 587 4613; x_wconf 89' lang='lat' dir='ltr'>in</span> <span class='ocrx_word' id='word_1_85' title='bbox 605 4574 736 4614; x_wconf 84' lang='lat' dir='ltr'>versuum</span> <span class='ocrx_word' id='word_1_86' title='bbox 756 4563 841 4616; x_wconf 86' lang='grc'>3-6</span> <span class='ocrx_word' id='word_1_87' title='bbox 860 4558 1048 4628; x_wconf 81' lang='lat' dir='ltr'>descriptione</span> <span class='ocrx_word' id='word_1_88' title='bbox 1075 4563 1186 4614; x_wconf 85' lang='lat' dir='ltr'>seeutue</span> <span class='ocrx_word' id='word_1_89' title='bbox 1205 4573 1265 4613; x_wconf 90' lang='lat' dir='ltr'>sum</span> <span class='ocrx_word' id='word_1_90' title='bbox 1285 4557 1333 4614; x_wconf 87' lang='lat' dir='ltr'>A.:</span> <span class='ocrx_word' id='word_1_91' title='bbox 1352 4558 1433 4614; x_wconf 80' lang='lat' dir='ltr'>codd.</span> <span class='ocrx_word' id='word_1_92' title='bbox 1452 4573 1492 4610; x_wconf 90' lang='lat' dir='ltr'>re-</span> 
     </span>
     <span class='ocr_line' id='line_1_30' title="bbox 176 4636 1492 4726; baseline -0.007 -21"><span class='ocrx_word' id='word_1_93' title='bbox 176 4636 246 4705; x_wconf 68' lang='lat' dir='ltr'>liqui</span> <span class='ocrx_word' id='word_1_94' title='bbox 264 4653 292 4694; x_wconf 80' lang='lat' dir='ltr'>v.</span> <span class='ocrx_word' id='word_1_95' title='bbox 308 4642 326 4694; x_wconf 85' lang='lat'><strong>3</strong></span> <span class='ocrx_word' id='word_1_96' title='bbox 345 4657 407 4698; x_wconf 87' lang='lat' dir='ltr'>eum</span> <span class='ocrx_word' id='word_1_97' title='bbox 425 4646 452 4716; x_wconf 82' lang='lat'>4,</span> <span class='ocrx_word' id='word_1_98' title='bbox 471 4645 542 4702; x_wconf 85' lang='grc'>5-6</span> <span class='ocrx_word' id='word_1_99' title='bbox 561 4649 742 4717; x_wconf 81' lang='lat' dir='ltr'>eoniungunt.</span> <span class='ocrx_word' id='word_1_100' title='bbox 798 4649 825 4726; x_wconf 73' lang='lat' dir='ltr'>h.</span> <span class='ocrx_word' id='word_1_101' title='bbox 862 4647 937 4703; x_wconf 82' lang='lat' dir='ltr'>Setie</span> <span class='ocrx_word' id='word_1_102' title='bbox 961 4651 1039 4702; x_wconf 89' lang='lat' dir='ltr'>reete</span> <span class='ocrx_word' id='word_1_103' title='bbox 1058 4647 1093 4705; x_wconf 83' lang='grc' dir='ltr'>Α.</span> <span class='ocrx_word' id='word_1_104' title='bbox 1113 4646 1200 4701; x_wconf 84' lang='lat' dir='ltr'>solus:</span> <span class='ocrx_word' id='word_1_105' title='bbox 1229 4647 1323 4714; x_wconf 85' lang='lat' dir='ltr'>eeteri,</span> <span class='ocrx_word' id='word_1_106' title='bbox 1343 4645 1492 4712; x_wconf 70' lang='lat' dir='ltr'>emeretis,</span> 
     </span>
     <span class='ocr_line' id='line_1_31' title="bbox 178 4723 1494 4806; baseline 0.004 -27"><span class='ocrx_word' id='word_1_107' title='bbox 178 4723 269 4782; x_wconf 78' lang='lat' dir='ltr'>Certe.</span> <span class='ocrx_word' id='word_1_108' title='bbox 305 4727 413 4787; x_wconf 80' lang='lat' dir='ltr'>Deinde</span> <span class='ocrx_word' id='word_1_109' title='bbox 424 4738 505 4802; x_wconf 70' lang='lat' dir='ltr'>,post</span> <span class='ocrx_word' id='word_1_110' title='bbox 523 4735 610 4790; x_wconf 86' lang='lat' dir='ltr'>uteris</span> <span class='ocrx_word' id='word_1_111' title='bbox 628 4736 662 4790; x_wconf 87' lang='lat' dir='ltr'>A.</span> <span class='ocrx_word' id='word_1_112' title='bbox 683 4734 762 4791; x_wconf 84' lang='lat' dir='ltr'>eddit</span> <span class='ocrx_word' id='word_1_113' title='bbox 779 4734 877 4806; x_wconf 83' lang='lat' dir='ltr'>Selue,</span> <span class='ocrx_word' id='word_1_114' title='bbox 905 4734 980 4804; x_wconf 89' lang='lat' dir='ltr'>quod</span> <span class='ocrx_word' id='word_1_115' title='bbox 1006 4734 1090 4790; x_wconf 89' lang='lat' dir='ltr'>eeteri</span> <span class='ocrx_word' id='word_1_116' title='bbox 1109 4749 1190 4790; x_wconf 90' lang='lat' dir='ltr'>omm.</span> <span class='ocrx_word' id='word_1_117' title='bbox 1246 4735 1270 4788; x_wconf 81' lang='grc'>7.</span> <span class='ocrx_word' id='word_1_118' title='bbox 1291 4732 1364 4800; x_wconf 88' lang='lat' dir='ltr'>quod</span> <span class='ocrx_word' id='word_1_119' title='bbox 1385 4730 1494 4786; x_wconf 81' lang='lat' dir='ltr'>adsolet</span> 
     </span>
     <span class='ocr_line' id='line_1_32' title="bbox 179 4811 1494 4893; baseline 0.005 -26"><span class='ocrx_word' id='word_1_120' title='bbox 179 4811 319 4884; x_wconf 77' lang='lat' dir='ltr'>euyetue:</span> <span class='ocrx_word' id='word_1_121' title='bbox 347 4817 384 4875; x_wconf 81' lang='lat' dir='ltr'>A.</span> <span class='ocrx_word' id='word_1_122' title='bbox 402 4818 437 4876; x_wconf 88' lang='lat' dir='ltr'>V.</span> <span class='ocrx_word' id='word_1_123' title='bbox 456 4819 486 4876; x_wconf 86' lang='grc' dir='ltr'>Ρ.</span> <span class='ocrx_word' id='word_1_124' title='bbox 507 4825 536 4876; x_wconf 92' lang='lat' dir='ltr'>et</span> <span class='ocrx_word' id='word_1_125' title='bbox 553 4823 612 4878; x_wconf 83' lang='lat' dir='ltr'>Pel.</span> <span class='ocrx_word' id='word_1_126' title='bbox 630 4823 649 4877; x_wconf 87' lang='lat'>4</span> <span class='ocrx_word' id='word_1_127' title='bbox 667 4822 742 4893; x_wconf 84' lang='lat' dir='ltr'>quod</span> <span class='ocrx_word' id='word_1_128' title='bbox 761 4837 795 4878; x_wconf 88' lang='lat' dir='ltr'>eo</span> <span class='ocrx_word' id='word_1_129' title='bbox 815 4822 936 4891; x_wconf 71' lang='lat' dir='ltr'>adsolet,</span> <span class='ocrx_word' id='word_1_130' title='bbox 967 4821 1019 4877; x_wconf 90' lang='lat' dir='ltr'>nisi</span> <span class='ocrx_word' id='word_1_131' title='bbox 1048 4821 1123 4891; x_wconf 87' lang='lat' dir='ltr'>quod</span> <span class='ocrx_word' id='word_1_132' title='bbox 1142 4821 1177 4876; x_wconf 93' lang='lat' dir='ltr'>V.</span> <span class='ocrx_word' id='word_1_133' title='bbox 1195 4819 1257 4889; x_wconf 85' lang='lat' dir='ltr'>(St.)</span> <span class='ocrx_word' id='word_1_134' title='bbox 1277 4819 1394 4882; x_wconf 79' lang='lat' dir='ltr'>assolet,</span> <span class='ocrx_word' id='word_1_135' title='bbox 1425 4817 1494 4874; x_wconf 82' lang='lat' dir='ltr'>Peli.</span> 
     </span>
    </p>
   </div>
   <div class='ocr_carea' id='block_1_9' title="bbox 180 4905 1495 5037">
    <p class='ocr_par' dir='ltr' id='par_1_9' title="bbox 180 4905 1495 5037">
     <span class='ocr_line' id='line_1_33' title="bbox 180 4905 1495 5037; baseline 0.004 -81"><span class='ocrx_word' id='word_1_136' title='bbox 180 4905 310 4968; x_wconf 75' lang='lat' dir='ltr'>quattuor</span> <span class='ocrx_word' id='word_1_137' title='bbox 326 4905 402 4976; x_wconf 89' lang='lat' dir='ltr'>quod</span> <span class='ocrx_word' id='word_1_138' title='bbox 420 4920 484 4964; x_wconf 88' lang='lat' dir='ltr'>esse</span> <span class='ocrx_word' id='word_1_139' title='bbox 501 4909 618 4980; x_wconf 68' lang='lat' dir='ltr'>adsolet,</span> <span class='ocrx_word' id='word_1_140' title='bbox 636 4911 688 4982; x_wconf 79' lang='lat' dir='ltr'>Lg.</span> <span class='ocrx_word' id='word_1_141' title='bbox 706 4909 783 4982; x_wconf 87' lang='lat' dir='ltr'>qnod</span> <span class='ocrx_word' id='word_1_142' title='bbox 800 4911 880 4967; x_wconf 84' lang='lat' dir='ltr'>solet</span> <span class='ocrx_word' id='word_1_143' title='bbox 927 4911 955 4968; x_wconf 82' lang='grc'>8.</span> <span class='ocrx_word' id='word_1_144' title='bbox 973 4910 1005 4966; x_wconf 88' lang='grc' dir='ltr'>Ρ.</span> <span class='ocrx_word' id='word_1_145' title='bbox 1025 4913 1053 4964; x_wconf 93' lang='lat' dir='ltr'>et</span> <span class='ocrx_word' id='word_1_146' title='bbox 1070 4908 1140 4964; x_wconf 82' lang='lat' dir='ltr'>Pell.</span> <span class='ocrx_word' id='word_1_147' title='bbox 1159 4905 1284 4976; x_wconf 84' lang='lat' dir='ltr'>plerique</span> <span class='ocrx_word' id='word_1_148' title='bbox 1304 4906 1416 5037; x_wconf 45' lang='grc' dir='ltr'>ᾱῗὶζίωτ</span> <span class='ocrx_word' id='word_1_149' title='bbox 1435 4905 1495 4961; x_wconf 84' lang='lat' dir='ltr'>tihi.</span> 
     </span>
    </p>
   </div>
   <div class='ocr_carea' id='block_1_10' title="bbox 0 0 1827 5658">
    <p class='ocr_par' dir='ltr' id='par_1_10' title="bbox 0 0 1827 5658">
     <span class='ocr_line' id='line_1_34' title="bbox 0 0 1827 5658; baseline 0 0"><span class='ocrx_word' id='word_1_150' title='bbox 0 0 1827 5658; x_wconf 95' lang='lat' dir='ltr'> </span> 
     </span>
    </p>
   </div>
  </div>
 </body>
</html>
