3622 5658
306 388 351 459 46
886 377 1028 438 sulum
1350 351 1437 450 ·(1u;
1453 377 1484 449 a.
1499 327 1622 446 m-eei'

843 641 845 655 ,
873 569 1049 638 Ilmmmu.

297 733 298 738 ,
1090 695 1095 704 ’
1374 671 1422 740 Ne
1445 669 1540 754 5155,

235 789 289 848 570
307 777 341 846 Si
362 797 427 846 nou
449 777 527 846 velt.
551 777 698 862 equidem
721 776 785 845 hee
805 779 908 848 inulla
930 777 1041 848 meluis
1064 774 1136 846 iilia
1158 795 1213 844 ere
1235 775 1355 842 temen.
1557 787 1616 858 (15)

111 907 116 914 ·
174 901 203 950 ἢ
308 887 381 954 Non
403 885 598 952 meletinae
621 903 735 967 eogere
756 883 895 967 aequom
917 889 965 950 est
987 901 1092 950 meam
1115 901 1186 950 esse
1208 881 1352 958 mitrem,
1373 882 1403 950 si
1425 882 1543 949 nevblt.

847 989 1078 1058 Pammenes.
1204 1017 1205 1022 ¹

311 1095 376 1164 Dur
398 1115 449 1163 me
471 1093 567 1180 igitir
589 1099 714 1181 petrem
736 1093 904 1164 15551557

879 1201 1053 1270 memu.

203 1365 217 1374 .
942 1306 1016 1374 Tua
1036 1307 1137 1372 155555
1161 1303 1256 1388 eulpa
1279 1310 1336 1387 eet,
1359 1325 1424 1371 non
1446 1304 1528 1372 mei.

310 1415 383 1482 Non
405 1417 528 1500 petrem
551 1408 612 1496 ege
634 1417 667 1477 55
689 1411 858 1494 nominem,
877 1412 936 1480 ¹ibi
958 1417 992 1480 tn
1014 1417 1103 1480 tuum
1125 1431 1176 1488 me
1198 1409 1343 1496 appelles
1367 1410 1490 1477 filiium?

311 1520 404 1585 Hane
427 1536 554 1602 quoque
576 1516 694 1599 etiams
708 1518 736 1583 si
758 1539 810 1584 me
832 1517 975 1603 appellet
996 1515 1104 1601 liliam,
1128 1523 1263 1585 matrem
1285 1515 1409 1588 vobim.
1542 1595 1545 1600 Ι

238 1635 291 1692 575
308 1626 414 1709 Neget
435 1621 517 1689 haee
539 1621 590 1687 me
613 1641 706 1690 suem
728 1623 828 1691 filiam
851 1621 938 1692 sese:
961 1642 1026 1692 uon
1047 1641 1123 1706 erge
1147 1622 1229 1690 haee
1251 1627 1353 1688 meter
1375 1642 1448 1689 mee
1472 1621 1529 1688 est.
1559 1634 1618 1704 (uo)

115 1770 119 1782 ·
313 1730 477 1808 Postremo
500 1727 582 1794 haee
604 1748 677 1795 mea
698 1729 793 1814 eulpa
815 1728 881 1794 ndu
904 1733 966 1794 est:
991 1745 1074 1811 quae
1098 1725 1175 1808 dixi,
1199 1727 1296 1798 didiei
1319 1727 1437 1794 emuid.

203 1828 209 1841 '
312 1835 466 1922 Epidieis
489 1834 566 1901 mihi
587 1832 647 1902 fuit
667 1836 831 1918 magister.

246 1945 250 1954 '
849 1940 1080 2006 Pnemnmns.

864 2044 963 2112 Periil
986 2045 1164 2129 plaustrum
1187 2045 1319 2130 pereuli.
1403 2097 1412 2114 .

379 2194 380 2204 .
882 2151 1055 2218 memu.

314 2256 477 2340 Numquid
500 2255 641 2340 egotibi
663 2255 820 2340 pemani?

852 2359 1083 2426 Pneienuuns.

329 2535 333 2542 ,
847 2464 884 2532 Si
903 2465 1011 2538 berele
1031 2471 1064 2534 55
1087 2466 1227 2550 iuquam
1250 2466 1403 2534 audivere

315 2575 367 2642 Me
388 2571 514 2659 petrem
535 2591 660 2656 vobere,
684 2573 783 2639 vitem
806 2577 895 2644 tuam
917 2591 979 2656 ege
1001 2571 1190 2641 interimam.

881 2679 1054 2748 Funuemu.
1331 2763 1333 2767 ι

1209 2783 1280 2850 Nou
1302 2784 1393 2850 seed.

242 2904 297 2960 555
313 2893 375 2960 Ubi
395 2889 485 2958 voles
509 2895 601 2974 pater
624 2907 705 2972 esse,
728 2889 773 2955 ibi
796 2888 878 2956 esto:
901 2889 958 2956 ubi
981 2889 1082 2972 neles,
1105 2888 1146 2955 ne
1168 2889 1266 2956 fueris
1289 2888 1391 2973 peter.
1565 2901 1621 2973 (25)

879 2995 1056 3062 Panium.
1210 3023 1215 3030 ·
1394 3011 1398 3018 ·

316 3100 423 3184 Quid?
446 3102 488 3169 ob
510 3101 624 3168 eamne
646 3112 714 3168 rem
736 3097 820 3166 bene
844 3099 958 3184 emisti,
983 3101 1058 3186 quie
1080 3101 1170 3172 inim
1192 3109 1323 3188 guaiam
1347 3101 1468 3168 reti’s‘?

216 3195 221 3200 ’
319 3207 442 3288 Quibus
466 3207 507 3273 de
527 3206 628 3292 signis
652 3204 877 3291 agnoscebas?

857 3313 1090 3380 annnuuns.

926 3418 1040 3489 Nullis.

881 3525 1059 3592 Pmnueeu.

1096 3625 1204 3712 Quare
1227 3627 1325 3698 ulium

320 3734 490 3802 Credidisti
513 3733 678 3802 nostram?

274 3923 282 3937 ·
395 3912 458 3970 571.
477 3911 561 3974 eedd.
578 3910 683 3973 istene:
702 3927 754 3971 ser.
773 3912 890 3970 iubenes.
915 3909 1027 3970 'Deinde
1045 3913 1142 3972 neuolt
1158 3915 1194 3974 V.
1213 3931 1276 3972 eum
1289 3913 1362 3975 Don.
1382 3916 1419 3972 ed
1431 3915 1502 3977 Eun.
1521 3919 1547 3990 3,
1558 3915 1583 3987 3,
1594 3915 1624 3974 2:

316 3999 398 4076 eodd.
417 4003 503 4058 aeteri
520 4017 576 4058 non
594 4002 662 4060 uolt.
694 4039 697 4057 .
735 4003 797 4059 575,
816 4003 848 4062 P.
866 4001 991 4061 voeebis.
1063 4003 1125 4060 573.
1144 4001 1205 4061 eod.
1225 4003 1312 4060 Oxou.
1331 4007 1360 4057 55
1379 4015 1441 4076 ego,
1458 4005 1527 4063 Psil.
1547 4011 1576 4062 55
1592 4007 1624 4064 P.

283 4155 291 4170 Ι
316 4108 398 4152 emm.
417 4096 455 4150 te.
509 4089 619 4147 Deinde
637 4091 667 4149 P.
688 4087 859 4159 sepeliebas.
949 4089 1012 4150 575.
1035 4089 1115 4149 eodd.
1134 4089 1218 4146 liliam
1238 4107 1282 4147 me
1300 4102 1393 4148 suem:
1413 4109 1465 4152 ser.
1484 4109 1528 4149 me
1547 4111 1624 4150 suem

280 4181 408 4240 .iiliem.
444 4177 554 4235 Deinde
572 4179 602 4236 P.
622 4183 710 4234 meter
726 4177 804 4237 haee.
877 4178 939 4238 576.
958 4178 1039 4239 eodd.
1058 4178 1150 4249 (11(1151,
1169 4178 1240 4235 dixi:
1259 4196 1311 4239 ser.
1330 4180 1395 4252 dixi,
1416 4181 1508 4240 didiei.
1563 4181 1625 4239 577.

110 4243 113 4250 ’
181 4269 194 4280 “
316 4265 1625 4338 515ωηί55551555555.230;5515553155511515.11515151155555Ρ5111(1155551555

316 4356 432 4426 perculi]
462 4352 498 4414 ef.
525 4351 628 4411 Donet.
647 4353 684 4410 ed
701 4356 774 4414 Eun.
792 4357 817 4428 2,
836 4357 861 4424 3,
879 4357 913 4411 87
920 4374 928 4412 z
946 4356 981 4413 V.
1000 4354 1293 4428 perii.....eustrum
1320 4358 1434 4428 perculi,
1463 4358 1492 4415 P.
1512 4361 1541 4412 55
1557 4357 1627 4417 Pell.

317 4444 438 4515 aliquot:
456 4443 530 4500 Perii
548 4446 672 4500 anstrum
689 4441 800 4516 pertuli,
818 4445 903 4502 ceteri
920 4443 1033 4516 perculi.
1069 4444 1130 4502 578.
1149 4443 1200 4500 5151
1221 4445 1252 4502 P.
1271 4433 1385 4503 Helmsl.
1406 4451 1435 4501 55
1452 4444 1520 4515 Lg.2
1538 4449 1625 4504 ueteri

317 4533 366 4590 ibi.
420 4531 528 4590 Deinde
545 4532 576 4588 P.
596 4546 649 4592 om.
668 4533 796 4602 peeeevi:
815 4532 843 4590 Si
862 4531 954 4589 herele
972 4537 1001 4591 te
1020 4547 1170 4602 nunquam.
1224 4529 1351 4602 Denique
1374 4533 1506 4590 audiuere
1529 4535 1591 4595 Pel.
1611 4539 1627 4590 5

317 4621 394 4678 solus
413 4633 498 4690 supra
514 4617 625 4689 lineam,
644 4617 720 4688 quod
739 4621 823 4676 ceteri
841 4635 937 4678 omnes
955 4635 1037 4679 emm.
1128 4619 1190 4677 579.
1210 4619 1254 4676 lie
1272 4627 1379 4694 patrem
1397 4620 1431 4681 v.
1449 4621 1515 4694 (St.)
1535 4630 1564 4679 et
1580 4625 1611 4682 P.
1619 4641 1634 4702 :¹

318 4711 422 4768 Peneus
440 4713 470 4766 55
487 4705 622 4763 Gruterus
640 4706 788 4766 ediderunt
805 4713 913 4780 petrem
930 4710 984 4766 lie.
1056 4706 1165 4765 Deinde
1193 4709 1244 4780 Lg.
1262 4715 1329 4780 post
1347 4711 1501 4768 interimam
1520 4712 1627 4769 addunt

318 4799 447 4866 pessima
484 4797 547 4856 580.
564 4795 596 4855 Ρ.
613 4795 692 4854 uoles
710 4812 738 4865 p.
756 4797 843 4859 noles.
897 4798 958 4858 581.
977 4811 1076 4855 eamne
1093 4795 1233 4869 Guystus:
1253 4799 1334 4859 eedd.
1355 4816 1425 4860 sem.
1468 4800 1577 4858 Deinde
1595 4801 1627 4861 P.

317 4884 449 4954 Periph.
468 4885 691 4946 interueniente
710 4882 791 4952 Quia.
827 4885 1062 4959 5855555515
1082 4899 1148 4956 ergo
1166 4884 1260 4948 filiam.
