3622 5658
932 397 1069 460 nuncu

459 591 510 655 Me
533 590 715 657 excruciare
738 590 845 672 duimi,
869 587 963 673 quasi
986 587 1064 671 quid
1087 583 1174 652 filius
1197 585 1287 651 meris

463 695 538 762 Med
560 715 639 779 erga
662 695 862 779 deliquisset:
887 695 979 778 quisi
1002 714 1066 760 nou
1088 691 1227 776 plurimi

463 799 634 867 Mulelacta
656 801 730 867 mea
752 807 860 869 esseut
881 799 986 870 solida
1009 801 1042 865 iu
1065 797 1295 866 eduleseentit.

463 906 609 972 Profecto
632 905 805 975 delirdmus
828 905 986 974 iuterddm
1009 905 1113 971 senes.

464 1009 530 1078 Sed
552 1029 642 1078 meus
665 1013 786 1080 sodalis
809 1033 880 1080 cum
903 1011 1026 1099 praeda
1049 1011 1158 1078 eccum
1180 1007 1372 1093 Apoecides.

461 1118 577 1184 Venire
600 1117 724 1186 silvom
747 1120 957 1187 mercatorem
980 1117 1117 1202 gaudet.
1206 1169 1215 1183 .

466 1222 552 1302 Quid
575 1223 632 1289 fit?

888 1329 1098 1396 Aroucruus.

694 1436 735 1502 Di
758 1436 902 1519 deaeque
924 1441 956 1502 te
978 1435 1144 1502 adiuvdut.

875 1543 1107 1608 Punrrnrnus.

1172 1643 1273 1708 Omen
1296 1639 1412 1725 placet.
1588 1649 1648 1719 (lc)

890 1753 1096 1818 Aroucruus.

466 1857 549 1936 Quin
573 1857 669 1923 omini
692 1857 802 1924 omnes
824 1859 996 1943 suppetunt
1018 1876 1070 1924 res
1093 1853 1276 1941 prosperae.

466 1964 530 2031 Sed
553 1972 588 2033 tu
610 1963 746 2031 hancine
769 1965 850 2031 iutro
873 1963 983 2031 iubeas
1007 1961 1133 2030 abduci.

876 2071 1106 2136 Puurrrrrnus.

1165 2173 1266 2238 Heus!
1291 2169 1376 2235 fords

467 2281 561 2345 llxite
583 2279 646 2346 lruc
669 2279 796 2362 dliquis.
842 2279 932 2348 Duce
954 2281 1049 2348 istam
1072 2279 1154 2345 iutro
1178 2276 1351 2356 mulierdur,
1413 2283 1415 2290 ’

464 2388 570 2469 Atque
593 2385 713 2453 audin?

926 2490 1070 2557 Suevos.

747 2595 927 2675 Quidvis?

876 2705 1107 2768 Prurrulnus.
1214 2735 1216 2742 ·

759 2885 761 2890 ,
973 2807 1060 2874 Dave
1084 2807 1155 2876 siris
1179 2826 1250 2874 curn
1273 2805 1342 2883 filis

467 2913 540 2978 Mea
563 2910 814 2996 copulatrihano
835 2933 939 2996 neque
962 2916 1159 2998 conspicere:
1184 2913 1249 3000 iarn
1273 2910 1385 2978 anes?
1588 2916 1648 2984 (20)

465 3019 503 3082 In
526 3016 706 3106 aediculauu
730 3019 832 3084 lstauo
856 3037 999 3084 seorsum
1022 3017 1169 3086 concludi
1192 3017 1281 3086 volo:

466 3123 635 3190 Divortuut
659 3122 762 3190 mdres
787 3124 902 3208 virgini
925 3125 1020 3208 louge
1043 3144 1082 3190 ac
1105 3120 1212 3208 lupe'd.

416 3423 478 3481 380.
498 3421 577 3479 codd.
596 3421 657 3492 ligo
677 3437 733 3479 me:
752 3425 844 3481 dolavi
863 3425 932 3496 Ego.
970 3425 1078 3480 Deinde
1097 3424 1132 3484 V.
1152 3421 1249 3480 Melius
1269 3439 1297 3494 p.
1316 3438 1403 3481 meus.
1461 3417 1463 3426 ’
1486 3423 1548 3480 381.
1567 3420 1647 3478 codd.

336 3510 500 3580 deliquisset
527 3509 591 3564 med
619 3525 697 3579 erga,
726 3511 779 3566 nisi
799 3511 873 3582 quod
893 3513 952 3572 Pal.
972 3517 986 3569 1
1008 3529 1069 3568 meo
1089 3529 1115 3580 p.
1135 3512 1210 3567 med:
1239 3527 1290 3568 ser.
1309 3510 1372 3567 med
1392 3523 1458 3581 erga
1477 3507 1647 3580 deliquisset.

335 3598 444 3653 Deinde
472 3597 553 3656 codd.
582 3603 630 3654 aut
650 3597 729 3668 quasi
749 3613 805 3654 nou
824 3600 984 3669 plurimum,
1013 3601 1067 3655 nisi
1086 3601 1160 3670 quod
1180 3599 1214 3657 V.
1233 3599 1294 3669 (et.)
1314 3617 1331 3656 a
1348 3615 1385 3657 ru:
1405 3613 1459 3657 seo.
1478 3597 1647 3666 plurumum:

337 3701 390 3743 sor.
409 3688 489 3754 quusi
509 3701 564 3740 uon
582 3685 708 3753 plurima.
746 3691 808 3746 382.
827 3689 878 3756 Lg.
897 3687 986 3744 solida
1005 3692 1108 3747 essent.
1158 3689 1219 3746 384.
1239 3687 1319 3745 codd.
1340 3687 1441 3743 iteum
1460 3686 1578 3756 praeda:
1598 3699 1649 3742 sor.

334 3789 395 3828 cum
414 3773 521 3842 praeda
539 3788 642 3830 eccum.
692 3774 754 3830 386.
772 3773 805 3828 lit
823 3775 881 3833 Pal.
900 3778 932 3832 l:
952 3777 1035 3833 ceteri
1055 3791 1149 3832 omues
1169 3777 1213 3831 sit.
1255 3774 1364 3830 Deinde
1381 3775 1416 3833 V.
1437 3773 1499 3844 (St.)
1518 3790 1536 3830 a
1554 3790 1590 3832 m.
1608 3791 1648 3843 pr.

337 3861 471 3918 adiuuant
490 3877 535 3916 res
554 3877 681 3932 propere,
700 3879 717 3918 a
735 3879 770 3918 ru.
790 3878 845 3919 sec.
866 3879 1007 3934 properae,
1027 3880 1098 3935 quus
1116 3870 1209 3920 tamen
1229 3868 1300 3918 teste
1319 3861 1405 3918 Pareo
1426 3862 1527 3931 aliquis
1545 3875 1649 3930 expuu-

336 3951 385 4020 xit,
409 3950 503 4006 Poll
532 3965 577 4005 res
605 3965 755 4020 prosperae
783 3967 879 4008 omues
907 3952 1088 4023 complacent,
1120 3953 1150 4011 P.
1179 3965 1225 4007 res
1253 3963 1416 4019 prosperare
1443 3954 1501 4006 tum
1528 3949 1649 4022 placent.

334 4039 396 4097 387.
418 4039 447 4098 P.
465 4055 518 4097 om.
539 4038 668 4107 Apoec.
707 4038 814 4094 Deinde
833 4039 904 4104 Quin
924 4040 1066 4112 Guyotus:
1085 4041 1119 4099 V.
1139 4040 1201 4111 (St.)
1222 4038 1284 4108 Qui,
1304 4053 1442 4107 suprascr.
1462 4053 1487 4107 o,
1506 4039 1536 4096 P.
1554 4037 1650 4106 Quom,

338 4128 408 4185 Pell.
428 4144 498 4194 eum,
518 4127 598 4184 codd.
618 4141 714 4182 omues
733 4125 845 4196 homiui,
865 4128 920 4182 uisi
939 4127 1014 4197 quod
1032 4127 1066 4186 V.
1085 4127 1147 4198 (St.)
1167 4142 1184 4183 a
1203 4145 1238 4186 rn.
1257 4143 1298 4197 pr.
1316 4127 1429 4197 nomini,
1458 4127 1526 4185 Pall.
1547 4126 1652 4194 aliquot

342 4217 423 4274 omni.
478 4214 604 4281 Denique
623 4213 657 4271 V.
677 4230 801 4285 propere,
821 4215 887 4273 Pall.
905 4231 1045 4286 prospere,
1066 4218 1095 4275 P.
1114 4233 1159 4272 res
1177 4231 1339 4286 prosperare
1360 4219 1520 4288 suppetunt.
1569 4213 1650 4269 Prae·

341 4309 419 4359 terea
436 4302 469 4361 V.
489 4300 553 4370 (St.)
570 4301 740 4359 omnis...s
759 4307 912 4372 suppetunt
929 4317 985 4367 res,
1014 4309 1047 4358 ut
1072 4304 1194 4361 videtur:
1224 4304 1314 4360 omnis
1342 4319 1387 4358 res
1415 4306 1568 4373 suppetunt
1596 4317 1649 4361 ras.

342 4393 403 4449 888.
441 4391 521 4449 codd.
550 4389 634 4444 haue:
663 4404 715 4448 scr.
743 4389 868 4449 hancine.
914 4389 949 4449 of.
969 4391 1101 4450 additam.
1119 4391 1155 4447 ad
1175 4396 1231 4448 uot.
1256 4391 1407 4446 Trinumml
1426 4407 1452 4449 v.
1472 4391 1525 4448 589
1544 4408 1572 4464 p.
1591 4392 1652 4449 208.

341 4480 449 4536 Deinde
467 4480 539 4534 intro
557 4477 654 4534 iubeas
668 4477 819 4534 Gruterus:
851 4479 930 4534 codd.
949 4479 1047 4536 iubeas
1066 4480 1146 4549 iutro,
1166 4480 1218 4534 nisi
1238 4481 1314 4549 quod
1332 4479 1367 4537 V.
1386 4485 1415 4534 et
1433 4481 1483 4550 Lg.
1503 4479 1604 4536 lubens
1621 4495 1649 4548 p.

342 4567 447 4636 iubeas,
467 4567 535 4624 Poll.
554 4571 582 4621 et
600 4567 629 4624 P.
649 4564 736 4621 iubes.
774 4566 900 4636 Denique
919 4567 987 4626 Pull.
1006 4573 1035 4623 et
1054 4569 1084 4626 P.
1104 4568 1214 4639 adduci,
1234 4571 1283 4639 Lg.
1303 4567 1418 4625 abduce.
1456 4567 1490 4626 V.
1511 4567 1572 4640 (St.)
1596 4565 1652 4623 Ab·

344 4657 407 4712 duoi
426 4655 503 4714 heus.
552 4656 613 4714 390.
631 4655 663 4713 P.
681 4653 816 4710 concludi
835 4656 899 4710 volo
918 4660 1002 4724 atque
1021 4656 1118 4715 audirl.
1155 4656 1263 4712 Deinde
1282 4655 1316 4713 V.
1336 4653 1399 4730 (St.)
1419 4655 1514 4726 lipid.
1533 4671 1559 4725 p.
1578 4655 1652 4712 Ser-

342 4759 416 4813 vos,
435 4744 466 4803 P.
486 4746 609 4812 Apoec.
646 4742 774 4811 Denique
792 4741 821 4798 P.
840 4744 878 4799 sis
897 4759 924 4813 p.
944 4744 1016 4801 siris.
1053 4747 1114 4803 892.
1134 4745 1164 4802 P.
1183 4741 1309 4798 aedicula
1328 4743 1406 4802 istec.
1444 4743 1553 4800 Deinde
1571 4745 1606 4802 V.
1626 4747 1654 4797 et

342 4833 400 4890 Pel.
419 4835 436 4887 8
456 4849 569 4901 sorsum,
588 4834 639 4904 Lg.
659 4831 788 4888 concludi
807 4848 923 4893 sorsum.
970 4833 1097 4904 Denique
1115 4834 1147 4892 P.
1165 4832 1211 4888 hic
1229 4845 1283 4889 orn.
1302 4832 1429 4890 concludi
1448 4835 1522 4891 volo.
1542 4829 1577 4889 ci.
1597 4837 1654 4886 not.

344 4920 380 4976 ad
399 4937 425 4978 v.
444 4921 506 4978 390.
620 4913 626 4920 '
