<?xml version="1.0" encoding="UTF-8"?>
<!DOCTYPE html PUBLIC "-//W3C//DTD XHTML 1.0 Transitional//EN"
    "http://www.w3.org/TR/xhtml1/DTD/xhtml1-transitional.dtd">
<html xmlns="http://www.w3.org/1999/xhtml" xml:lang="en" lang="en">
 <head>
  <title>
</title>
<meta http-equiv="Content-Type" content="text/html;charset=utf-8" />
  <meta name='ocr-system' content='tesseract 3.04.00' />
  <meta name='ocr-capabilities' content='ocr_page ocr_carea ocr_par ocr_line ocrx_word'/>
</head>
<body>
  <div class='ocr_page' id='page_1' title='image "./macciplautiepid00geppgoog_0040.png"; bbox 0 0 3622 5658; ppageno 0'>
   <div class='ocr_carea' id='block_1_1' title="bbox 163 374 926 448">
    <p class='ocr_par' dir='ltr' id='par_1_1' title="bbox 163 329 926 448">
     <span class='ocr_line' id='line_1_1' title="bbox 163 374 926 448; baseline -0.004 -14"><span class='ocrx_word' id='word_1_1' title='bbox 163 378 227 448; x_wconf 75' lang='lat'>(111,</span> <span class='ocrx_word' id='word_1_2' title='bbox 248 380 273 448; x_wconf 77' lang='lat' dir='ltr'>a,</span> <span class='ocrx_word' id='word_1_3' title='bbox 292 377 391 447; x_wconf 86' lang='lat' dir='ltr'>aa-a,</span> <span class='ocrx_word' id='word_1_4' title='bbox 410 378 438 447; x_wconf 80' lang='lat' dir='ltr'>r)</span> <span class='ocrx_word' id='word_1_5' title='bbox 748 374 926 432; x_wconf 76' lang='lat' dir='ltr'>sermons.</span> 
     </span>
    </p>
   </div>
   <div class='ocr_carea' id='block_1_2' title="bbox 674 561 1346 754">
    <p class='ocr_par' dir='ltr' id='par_1_2' title="bbox 674 561 1346 754">
     <span class='ocr_line' id='line_1_2' title="bbox 674 561 1145 633; baseline -0.004 -5"><span class='ocrx_word' id='word_1_6' title='bbox 674 561 966 633; x_wconf 75' lang='lat' dir='ltr'>Snxnrxeeocnns.</span> <span class='ocrx_word' id='word_1_7' title='bbox 997 584 999 590; x_wconf 68' lang='grc'><em>’</em></span> <span class='ocrx_word' id='word_1_8' title='bbox 1142 621 1145 626; x_wconf 91' lang='grc'>.</span> 
     </span>
     <span class='ocr_line' id='line_1_3' title="bbox 1075 671 1346 754; baseline -0.007 -19"><span class='ocrx_word' id='word_1_9' title='bbox 1075 750 1077 754; x_wconf 16' lang='lat'><strong><em>¹</em></strong></span> <span class='ocrx_word' id='word_1_10' title='bbox 1154 671 1197 736; x_wconf 90' lang='lat' dir='ltr'>Ut</span> <span class='ocrx_word' id='word_1_11' title='bbox 1219 671 1346 754; x_wconf 81' lang='lat' dir='ltr'>parate!</span> 
     </span>
    </p>
   </div>
   <div class='ocr_carea' id='block_1_3' title="bbox 292 776 1478 2462">
    <p class='ocr_par' dir='ltr' id='par_1_3' title="bbox 292 776 1478 2462">
     <span class='ocr_line' id='line_1_4' title="bbox 734 776 908 842; baseline 0 -2"><span class='ocrx_word' id='word_1_12' title='bbox 734 776 908 842; x_wconf 77' lang='lat' dir='ltr'>Erremus</span> 
     </span>
     <span class='ocr_line' id='line_1_5' title="bbox 294 880 1278 971; baseline 0.004 -27"><span class='ocrx_word' id='word_1_13' title='bbox 294 882 375 945; x_wconf 81' lang='lat' dir='ltr'>Eam</span> <span class='ocrx_word' id='word_1_14' title='bbox 398 880 643 964; x_wconf 77' lang='lat' dir='ltr'>permeditdtam</span> <span class='ocrx_word' id='word_1_15' title='bbox 666 881 745 948; x_wconf 90' lang='lat' dir='ltr'>meis</span> <span class='ocrx_word' id='word_1_16' title='bbox 769 881 852 946; x_wconf 92' lang='lat' dir='ltr'>dolis</span> <span class='ocrx_word' id='word_1_17' title='bbox 876 883 1065 971; x_wconf 82' lang='lat' dir='ltr'>astutiisque</span> <span class='ocrx_word' id='word_1_18' title='bbox 1088 887 1235 958; x_wconf 81' lang='lat' dir='ltr'>onustam</span> <span class='ocrx_word' id='word_1_19' title='bbox 1277 935 1278 940; x_wconf 53' lang='grc'>,</span> 
     </span>
     <span class='ocr_line' id='line_1_6' title="bbox 292 985 1474 1070; baseline 0.003 -20"><span class='ocrx_word' id='word_1_20' title='bbox 292 985 425 1052; x_wconf 86' lang='lat' dir='ltr'><strong>Mittam.</strong></span> <span class='ocrx_word' id='word_1_21' title='bbox 450 985 510 1052; x_wconf 88' lang='lat' dir='ltr'>sed</span> <span class='ocrx_word' id='word_1_22' title='bbox 531 987 626 1053; x_wconf 90' lang='lat' dir='ltr'>nimis</span> <span class='ocrx_word' id='word_1_23' title='bbox 649 987 778 1070; x_wconf 83' lang='lat' dir='ltr'>longum</span> <span class='ocrx_word' id='word_1_24' title='bbox 801 988 929 1070; x_wconf 82' lang='lat' dir='ltr'>loquor:</span> <span class='ocrx_word' id='word_1_25' title='bbox 956 989 1010 1056; x_wconf 92' lang='lat' dir='ltr'>diu</span> <span class='ocrx_word' id='word_1_26' title='bbox 1034 1009 1084 1056; x_wconf 88' lang='lat' dir='ltr'>me</span> <span class='ocrx_word' id='word_1_27' title='bbox 1108 989 1184 1056; x_wconf 88' lang='lat' dir='ltr'>estis</span> <span class='ocrx_word' id='word_1_28' title='bbox 1209 987 1375 1054; x_wconf 82' lang='lat' dir='ltr'>ddmorati.</span> <span class='ocrx_word' id='word_1_29' title='bbox 1419 999 1474 1067; x_wconf 74' lang='lat'>(40)</span> 
     </span>
     <span class='ocr_line' id='line_1_7' title="bbox 294 1092 993 1176; baseline 0.009 -20"><span class='ocrx_word' id='word_1_30' title='bbox 294 1092 384 1164; x_wconf 81' lang='lat' dir='ltr'>Haec</span> <span class='ocrx_word' id='word_1_31' title='bbox 408 1093 495 1159; x_wconf 86' lang='lat' dir='ltr'>scitis</span> <span class='ocrx_word' id='word_1_32' title='bbox 518 1094 593 1176; x_wconf 87' lang='lat' dir='ltr'>iam,</span> <span class='ocrx_word' id='word_1_33' title='bbox 617 1093 651 1159; x_wconf 86' lang='lat' dir='ltr'>dt</span> <span class='ocrx_word' id='word_1_34' title='bbox 674 1093 780 1160; x_wconf 85' lang='lat' dir='ltr'>futura</span> <span class='ocrx_word' id='word_1_35' title='bbox 803 1097 877 1160; x_wconf 89' lang='lat' dir='ltr'>sint.</span> <span class='ocrx_word' id='word_1_36' title='bbox 901 1097 993 1163; x_wconf 88' lang='lat' dir='ltr'>abeo.</span> 
     </span>
     <span class='ocr_line' id='line_1_8' title="bbox 620 1199 1046 1267; baseline 0.012 -4"><span class='ocrx_word' id='word_1_37' title='bbox 620 1201 622 1210; x_wconf 84' lang='grc'>’</span> <span class='ocrx_word' id='word_1_38' title='bbox 676 1199 966 1267; x_wconf 76' lang='lat' dir='ltr'>Srsnnrreocnns.</span> <span class='ocrx_word' id='word_1_39' title='bbox 1043 1217 1046 1224; x_wconf 89' lang='grc'>’</span> 
     </span>
     <span class='ocr_line' id='line_1_9' title="bbox 1022 1306 1304 1374; baseline 0 -2"><span class='ocrx_word' id='word_1_40' title='bbox 1022 1308 1110 1374; x_wconf 87' lang='lat' dir='ltr'>Bene</span> <span class='ocrx_word' id='word_1_41' title='bbox 1132 1306 1304 1372; x_wconf 79' lang='lat' dir='ltr'>bmbu&#39;lato.</span> 
     </span>
     <span class='ocr_line' id='line_1_10' title="bbox 407 1412 948 1490; baseline 0 -11"><span class='ocrx_word' id='word_1_42' title='bbox 407 1487 408 1490; x_wconf 8' lang='grc' dir='ltr'><strong>Ἴ</strong></span> <span class='ocrx_word' id='word_1_43' title='bbox 695 1412 948 1480; x_wconf 68' lang='lat' dir='ltr'>demasonus.</span> 
     </span>
     <span class='ocr_line' id='line_1_11' title="bbox 294 1515 1071 1596; baseline -0.001 -11"><span class='ocrx_word' id='word_1_44' title='bbox 294 1516 396 1585; x_wconf 82' lang='lat' dir='ltr'>Nimis</span> <span class='ocrx_word' id='word_1_45' title='bbox 420 1515 532 1582; x_wconf 85' lang='lat' dir='ltr'>doctus</span> <span class='ocrx_word' id='word_1_46' title='bbox 555 1516 610 1583; x_wconf 88' lang='lat' dir='ltr'>iiie</span> <span class='ocrx_word' id='word_1_47' title='bbox 634 1523 682 1583; x_wconf 91' lang='lat' dir='ltr'>est</span> <span class='ocrx_word' id='word_1_48' title='bbox 704 1519 749 1596; x_wconf 86' lang='lat' dir='ltr'>ad</span> <span class='ocrx_word' id='word_1_49' title='bbox 771 1518 856 1584; x_wconf 78' lang='lat' dir='ltr'>maid</span> <span class='ocrx_word' id='word_1_50' title='bbox 878 1517 1071 1586; x_wconf 84' lang='lat' dir='ltr'>faciundum.</span> 
     </span>
     <span class='ocr_line' id='line_1_12' title="bbox 594 1622 962 1692; baseline 0.027 -11"><span class='ocrx_word' id='word_1_51' title='bbox 594 1677 596 1681; x_wconf 79' lang='grc'>,</span> <span class='ocrx_word' id='word_1_52' title='bbox 672 1622 962 1692; x_wconf 73' lang='lat' dir='ltr'>Sunnurerocnns</span> 
     </span>
     <span class='ocr_line' id='line_1_13' title="bbox 1052 1728 1417 1810; baseline 0.005 -16"><span class='ocrx_word' id='word_1_53' title='bbox 1052 1743 1057 1751; x_wconf 79' lang='grc'><em>“</em></span> <span class='ocrx_word' id='word_1_54' title='bbox 1106 1728 1158 1794; x_wconf 79' lang='lat' dir='ltr'>Me</span> <span class='ocrx_word' id='word_1_55' title='bbox 1181 1729 1309 1810; x_wconf 91' lang='lat' dir='ltr'>quidem</span> <span class='ocrx_word' id='word_1_56' title='bbox 1332 1737 1417 1801; x_wconf 82' lang='lat' dir='ltr'>certo</span> 
     </span>
     <span class='ocr_line' id='line_1_14' title="bbox 296 1833 706 1903; baseline 0.005 -5"><span class='ocrx_word' id='word_1_57' title='bbox 296 1833 444 1901; x_wconf 78' lang='lat' dir='ltr'>Servavit</span> <span class='ocrx_word' id='word_1_58' title='bbox 466 1833 607 1900; x_wconf 86' lang='lat' dir='ltr'>cdnsiliis</span> <span class='ocrx_word' id='word_1_59' title='bbox 630 1837 706 1903; x_wconf 89' lang='lat' dir='ltr'>suis.</span> 
     </span>
     <span class='ocr_line' id='line_1_15' title="bbox 694 1940 1242 2026; baseline 0.013 -20"><span class='ocrx_word' id='word_1_60' title='bbox 694 1940 948 2008; x_wconf 72' lang='lat' dir='ltr'>demersurus.</span> <span class='ocrx_word' id='word_1_61' title='bbox 1148 2017 1152 2026; x_wconf 63' lang='grc'><strong>,</strong></span> <span class='ocrx_word' id='word_1_62' title='bbox 1240 2005 1242 2013; x_wconf 68' lang='lat'>.</span> 
     </span>
     <span class='ocr_line' id='line_1_16' title="bbox 749 2045 1270 2128; baseline -0.004 -13"><span class='ocrx_word' id='word_1_63' title='bbox 749 2047 917 2128; x_wconf 52' lang='lat' dir='ltr'>,nummus</span> <span class='ocrx_word' id='word_1_64' title='bbox 939 2049 1022 2112; x_wconf 92' lang='lat' dir='ltr'>intro</span> <span class='ocrx_word' id='word_1_65' title='bbox 1045 2045 1120 2112; x_wconf 90' lang='lat' dir='ltr'>hinc</span> <span class='ocrx_word' id='word_1_66' title='bbox 1144 2047 1187 2112; x_wconf 88' lang='lat' dir='ltr'>ad</span> <span class='ocrx_word' id='word_1_67' title='bbox 1210 2068 1270 2114; x_wconf 89' lang='lat' dir='ltr'>me.</span> 
     </span>
     <span class='ocr_line' id='line_1_17' title="bbox 681 2151 972 2219; baseline 0.01 -3"><span class='ocrx_word' id='word_1_68' title='bbox 681 2151 972 2219; x_wconf 75' lang='lat' dir='ltr'>Sunnrffroenns</span> 
     </span>
     <span class='ocr_line' id='line_1_18' title="bbox 296 2253 1423 2342; baseline 0.002 -22"><span class='ocrx_word' id='word_1_69' title='bbox 296 2255 403 2336; x_wconf 81' lang='lat' dir='ltr'>Atque</span> <span class='ocrx_word' id='word_1_70' title='bbox 426 2256 590 2338; x_wconf 73' lang='lat' dir='ltr'>abnuenti</span> <span class='ocrx_word' id='word_1_71' title='bbox 614 2257 782 2340; x_wconf 84' lang='lat' dir='ltr'>lnbentids,</span> <span class='ocrx_word' id='word_1_72' title='bbox 807 2279 904 2341; x_wconf 85' lang='lat' dir='ltr'>quarn</span> <span class='ocrx_word' id='word_1_73' title='bbox 927 2261 985 2326; x_wconf 88' lang='lat' dir='ltr'>abs</span> <span class='ocrx_word' id='word_1_74' title='bbox 1008 2263 1040 2324; x_wconf 87' lang='lat' dir='ltr'>tc</span> <span class='ocrx_word' id='word_1_75' title='bbox 1063 2278 1133 2326; x_wconf 87' lang='lat' dir='ltr'>sum</span> <span class='ocrx_word' id='word_1_76' title='bbox 1158 2253 1306 2342; x_wconf 74' lang='lat' dir='ltr'>egressus</span> <span class='ocrx_word' id='word_1_77' title='bbox 1328 2258 1423 2324; x_wconf 91' lang='lat' dir='ltr'>intus.</span> 
     </span>
     <span class='ocr_line' id='line_1_19' title="bbox 297 2359 1478 2462; baseline 0.003 -37"><span class='ocrx_word' id='word_1_78' title='bbox 297 2359 421 2426; x_wconf 84' lang='lat' dir='ltr'><strong>Virtute</strong></span> <span class='ocrx_word' id='word_1_79' title='bbox 444 2368 541 2443; x_wconf 88' lang='lat' dir='ltr'>atque</span> <span class='ocrx_word' id='word_1_80' title='bbox 565 2362 708 2462; x_wconf 80' lang='lat' dir='ltr'>auspicio</span> <span class='ocrx_word' id='word_1_81' title='bbox 725 2362 852 2448; x_wconf 84' lang='lat' dir='ltr'>Epidioi</span> <span class='ocrx_word' id='word_1_82' title='bbox 876 2385 946 2431; x_wconf 90' lang='lat' dir='ltr'>cum</span> <span class='ocrx_word' id='word_1_83' title='bbox 970 2365 1094 2448; x_wconf 89' lang='lat' dir='ltr'>praeda</span> <span class='ocrx_word' id='word_1_84' title='bbox 1115 2366 1148 2430; x_wconf 91' lang='lat' dir='ltr'>in</span> <span class='ocrx_word' id='word_1_85' title='bbox 1163 2365 1280 2435; x_wconf 79' lang='lat' dir='ltr'>cdstra.</span> <span class='ocrx_word' id='word_1_86' title='bbox 1294 2363 1400 2432; x_wconf 86' lang='lat' dir='ltr'>redeo.</span> <span class='ocrx_word' id='word_1_87' title='bbox 1421 2373 1478 2443; x_wconf 81' lang='lat'>(45)</span> 
     </span>
    </p>
   </div>
   <div class='ocr_carea' id='block_1_4' title="bbox 487 2684 1165 2758">
    <p class='ocr_par' dir='ltr' id='par_1_4' title="bbox 487 2684 1165 2758">
     <span class='ocr_line' id='line_1_20' title="bbox 487 2684 1165 2758; baseline 0.006 -10"><span class='ocrx_word' id='word_1_88' title='bbox 487 2684 718 2752; x_wconf 75' lang='lat' dir='ltr'>Puurrsruns.</span> <span class='ocrx_word' id='word_1_89' title='bbox 765 2686 987 2758; x_wconf 60' lang='lat' dir='ltr'>Aroucrons..</span> <span class='ocrx_word' id='word_1_90' title='bbox 1020 2687 1165 2755; x_wconf 74' lang='lat' dir='ltr'>Suevos.</span> 
     </span>
    </p>
   </div>
   <div class='ocr_carea' id='block_1_5' title="bbox 287 2849 1252 3671">
    <p class='ocr_par' dir='ltr' id='par_1_5' title="bbox 287 2849 1252 3671">
     <span class='ocr_line' id='line_1_21' title="bbox 629 2849 941 2914; baseline 0.006 -3"><span class='ocrx_word' id='word_1_91' title='bbox 629 2849 632 2851; x_wconf 78' lang='grc'><strong>’</strong></span> <span class='ocrx_word' id='word_1_92' title='bbox 712 2849 941 2914; x_wconf 76' lang='lat' dir='ltr'>Pnnrnurnns</span> 
     </span>
     <span class='ocr_line' id='line_1_22' title="bbox 299 2951 1126 3037; baseline 0 -19"><span class='ocrx_word' id='word_1_93' title='bbox 299 2953 369 3018; x_wconf 89' lang='lat' dir='ltr'>Non</span> <span class='ocrx_word' id='word_1_94' title='bbox 393 2952 456 3018; x_wconf 90' lang='lat' dir='ltr'>oris</span> <span class='ocrx_word' id='word_1_95' title='bbox 481 2951 597 3018; x_wconf 85' lang='lat' dir='ltr'>oadss&#39;u</span> <span class='ocrx_word' id='word_1_96' title='bbox 620 2953 714 3020; x_wconf 91' lang='lat' dir='ltr'>modo</span> <span class='ocrx_word' id='word_1_97' title='bbox 738 2953 882 3020; x_wconf 80' lang='lat' dir='ltr'>homines</span> <span class='ocrx_word' id='word_1_98' title='bbox 906 2974 1041 3037; x_wconf 86' lang='lat' dir='ltr'>aequom</span> <span class='ocrx_word' id='word_1_99' title='bbox 1065 2953 1126 3020; x_wconf 89' lang='lat' dir='ltr'>fuit</span> 
     </span>
     <span class='ocr_line' id='line_1_23' title="bbox 287 3052 1252 3145; baseline 0.003 -23"><span class='ocrx_word' id='word_1_100' title='bbox 287 3052 365 3124; x_wconf 79' lang='lat' dir='ltr'>‘Sibi</span> <span class='ocrx_word' id='word_1_101' title='bbox 388 3058 507 3124; x_wconf 87' lang='lat' dir='ltr'>hebere</span> <span class='ocrx_word' id='word_1_102' title='bbox 531 3060 706 3145; x_wconf 77' lang='lat' dir='ltr'>spdculum,</span> <span class='ocrx_word' id='word_1_103' title='bbox 731 3061 843 3126; x_wconf 90' lang='lat' dir='ltr'>ubios</span> <span class='ocrx_word' id='word_1_104' title='bbox 867 3060 1124 3144; x_wconf 76' lang='lat' dir='ltr'>contdmplarent</span> <span class='ocrx_word' id='word_1_105' title='bbox 1142 3060 1252 3140; x_wconf 87' lang='lat' dir='ltr'>sudm,</span> 
     </span>
     <span class='ocr_line' id='line_1_24' title="bbox 297 3161 1087 3249; baseline 0.001 -21"><span class='ocrx_word' id='word_1_106' title='bbox 297 3161 361 3228; x_wconf 82' lang='lat' dir='ltr'>Sed</span> <span class='ocrx_word' id='word_1_107' title='bbox 384 3165 438 3246; x_wconf 94' lang='lat' dir='ltr'>qui</span> <span class='ocrx_word' id='word_1_108' title='bbox 461 3169 642 3248; x_wconf 71' lang='lat' dir='ltr'>perspicere</span> <span class='ocrx_word' id='word_1_109' title='bbox 665 3173 797 3248; x_wconf 82' lang='lat' dir='ltr'><strong>possent</strong></span> <span class='ocrx_word' id='word_1_110' title='bbox 820 3164 926 3234; x_wconf 72' lang='lat' dir='ltr'>edidis</span> <span class='ocrx_word' id='word_1_111' title='bbox 950 3165 1087 3249; x_wconf 79' lang='lat' dir='ltr'>copiam.</span> 
     </span>
     <span class='ocr_line' id='line_1_25' title="bbox 299 3268 1115 3353; baseline 0.005 -21"><span class='ocrx_word' id='word_1_112' title='bbox 299 3269 373 3336; x_wconf 79' lang='lat' dir='ltr'>Fuit</span> <span class='ocrx_word' id='word_1_113' title='bbox 397 3268 596 3337; x_wconf 74' lang='lat' dir='ltr'>conducibile</span> <span class='ocrx_word' id='word_1_114' title='bbox 618 3271 679 3337; x_wconf 91' lang='lat' dir='ltr'>hoo</span> <span class='ocrx_word' id='word_1_115' title='bbox 702 3290 774 3336; x_wconf 88' lang='lat' dir='ltr'>mea</span> <span class='ocrx_word' id='word_1_116' title='bbox 797 3271 925 3353; x_wconf 74' lang='lat' dir='ltr'>quidem</span> <span class='ocrx_word' id='word_1_117' title='bbox 949 3271 1115 3336; x_wconf 72' lang='lat' dir='ltr'>sententia</span> 
     </span>
     <span class='ocr_line' id='line_1_26' title="bbox 299 3373 1009 3464; baseline 0 -24"><span class='ocrx_word' id='word_1_118' title='bbox 299 3373 361 3440; x_wconf 91' lang='lat' dir='ltr'>Ubi</span> <span class='ocrx_word' id='word_1_119' title='bbox 384 3375 417 3439; x_wconf 92' lang='lat' dir='ltr'>id</span> <span class='ocrx_word' id='word_1_120' title='bbox 440 3375 664 3464; x_wconf 82' lang='lat' dir='ltr'>inspexissent,</span> <span class='ocrx_word' id='word_1_121' title='bbox 689 3376 864 3460; x_wconf 79' lang='lat' dir='ltr'>cogitdrent</span> <span class='ocrx_word' id='word_1_122' title='bbox 886 3376 1009 3459; x_wconf 76' lang='lat' dir='ltr'>postea,</span> 
     </span>
     <span class='ocr_line' id='line_1_27' title="bbox 299 3480 1047 3549; baseline 0.004 -6"><span class='ocrx_word' id='word_1_123' title='bbox 299 3480 405 3546; x_wconf 87' lang='lat' dir='ltr'>Vitam</span> <span class='ocrx_word' id='word_1_124' title='bbox 429 3489 462 3548; x_wconf 92' lang='lat' dir='ltr'>ut</span> <span class='ocrx_word' id='word_1_125' title='bbox 484 3481 642 3548; x_wconf 83' lang='lat' dir='ltr'>vixissent</span> <span class='ocrx_word' id='word_1_126' title='bbox 664 3482 739 3549; x_wconf 87' lang='lat' dir='ltr'>olim</span> <span class='ocrx_word' id='word_1_127' title='bbox 762 3482 795 3547; x_wconf 92' lang='lat' dir='ltr'>in</span> <span class='ocrx_word' id='word_1_128' title='bbox 819 3482 1047 3549; x_wconf 73' lang='lat' dir='ltr'>ddulesoentid.</span> 
     </span>
     <span class='ocr_line' id='line_1_28' title="bbox 298 3585 1064 3671; baseline 0.001 -20"><span class='ocrx_word' id='word_1_129' title='bbox 298 3585 357 3652; x_wconf 88' lang='lat' dir='ltr'>Vel</span> <span class='ocrx_word' id='word_1_130' title='bbox 378 3606 440 3669; x_wconf 85' lang='lat' dir='ltr'>ego</span> <span class='ocrx_word' id='word_1_131' title='bbox 463 3586 519 3668; x_wconf 87' lang='lat' dir='ltr'>qui</span> <span class='ocrx_word' id='word_1_132' title='bbox 542 3586 663 3656; x_wconf 79' lang='lat' dir='ltr'>dudum</span> <span class='ocrx_word' id='word_1_133' title='bbox 687 3587 733 3654; x_wconf 88' lang='lat' dir='ltr'>fili</span> <span class='ocrx_word' id='word_1_134' title='bbox 756 3588 872 3658; x_wconf 86' lang='lat' dir='ltr'>cadssa</span> <span class='ocrx_word' id='word_1_135' title='bbox 894 3587 1064 3671; x_wconf 76' lang='lat' dir='ltr'>coeperam</span> 
     </span>
    </p>
   </div>
   <div class='ocr_carea' id='block_1_6' title="bbox 168 3937 1508 4983">
    <p class='ocr_par' dir='ltr' id='par_1_6' title="bbox 171 3937 1481 4258">
     <span class='ocr_line' id='line_1_29' title="bbox 251 3937 1481 4010; baseline 0 -16"><span class='ocrx_word' id='word_1_136' title='bbox 251 3939 313 3996; x_wconf 84' lang='grc'><strong>366.</strong></span> <span class='ocrx_word' id='word_1_137' title='bbox 332 3938 400 3995; x_wconf 81' lang='lat' dir='ltr'>Peli.</span> <span class='ocrx_word' id='word_1_138' title='bbox 419 3937 650 4010; x_wconf 80' lang='lat' dir='ltr'>praemeditatam</span> <span class='ocrx_word' id='word_1_139' title='bbox 670 3955 691 3994; x_wconf 90' lang='lat' dir='ltr'>s.</span> <span class='ocrx_word' id='word_1_140' title='bbox 710 3941 950 4009; x_wconf 83' lang='lat' dir='ltr'>praemeditatum.</span> <span class='ocrx_word' id='word_1_141' title='bbox 988 3942 1049 4000; x_wconf 82' lang='grc'>367.</span> <span class='ocrx_word' id='word_1_142' title='bbox 1068 3941 1119 4010; x_wconf 83' lang='lat' dir='ltr'>Lg.</span> <span class='ocrx_word' id='word_1_143' title='bbox 1138 3940 1247 3997; x_wconf 81' lang='lat' dir='ltr'>moreti.</span> <span class='ocrx_word' id='word_1_144' title='bbox 1287 3939 1349 3995; x_wconf 82' lang='lat'>369.</span> <span class='ocrx_word' id='word_1_145' title='bbox 1369 3937 1401 3995; x_wconf 89' lang='lat' dir='ltr'>V.</span> <span class='ocrx_word' id='word_1_146' title='bbox 1420 3938 1481 4008; x_wconf 86' lang='lat' dir='ltr'>(St.)</span> 
     </span>
     <span class='ocr_line' id='line_1_30' title="bbox 173 4025 1480 4099; baseline 0 -20"><span class='ocrx_word' id='word_1_147' title='bbox 173 4039 227 4082; x_wconf 88' lang='lat' dir='ltr'>om.</span> <span class='ocrx_word' id='word_1_148' title='bbox 247 4031 298 4084; x_wconf 86' lang='lat' dir='ltr'>est.</span> <span class='ocrx_word' id='word_1_149' title='bbox 339 4027 447 4083; x_wconf 81' lang='lat' dir='ltr'>Deinde</span> <span class='ocrx_word' id='word_1_150' title='bbox 466 4026 500 4086; x_wconf 87' lang='lat' dir='ltr'>V.</span> <span class='ocrx_word' id='word_1_151' title='bbox 520 4044 537 4083; x_wconf 87' lang='lat' dir='ltr'>a</span> <span class='ocrx_word' id='word_1_152' title='bbox 556 4044 590 4086; x_wconf 89' lang='lat' dir='ltr'>m.</span> <span class='ocrx_word' id='word_1_153' title='bbox 611 4044 651 4098; x_wconf 89' lang='lat' dir='ltr'>pr.</span> <span class='ocrx_word' id='word_1_154' title='bbox 671 4027 1045 4099; x_wconf 65' lang='lat' dir='ltr'>perquirendorum.</span> <span class='ocrx_word' id='word_1_155' title='bbox 1067 4045 1121 4087; x_wconf 90' lang='lat' dir='ltr'>seo.</span> <span class='ocrx_word' id='word_1_156' title='bbox 1142 4032 1170 4083; x_wconf 91' lang='lat' dir='ltr'>et</span> <span class='ocrx_word' id='word_1_157' title='bbox 1188 4027 1258 4084; x_wconf 87' lang='lat' dir='ltr'>Pali.</span> <span class='ocrx_word' id='word_1_158' title='bbox 1278 4027 1321 4081; x_wconf 83' lang='lat' dir='ltr'>Me</span> <span class='ocrx_word' id='word_1_159' title='bbox 1341 4025 1480 4094; x_wconf 84' lang='lat' dir='ltr'>equidem.</span> 
     </span>
     <span class='ocr_line' id='line_1_31' title="bbox 172 4112 1481 4187; baseline -0.001 -19"><span class='ocrx_word' id='word_1_160' title='bbox 172 4113 234 4169; x_wconf 77' lang='lat'>370.</span> <span class='ocrx_word' id='word_1_161' title='bbox 272 4113 317 4184; x_wconf 73' lang='lat' dir='ltr'>V,</span> <span class='ocrx_word' id='word_1_162' title='bbox 342 4120 414 4171; x_wconf 87' lang='lat' dir='ltr'>teste</span> <span class='ocrx_word' id='word_1_163' title='bbox 443 4117 538 4187; x_wconf 85' lang='lat' dir='ltr'>Pareo,</span> <span class='ocrx_word' id='word_1_164' title='bbox 567 4116 703 4187; x_wconf 80' lang='lat' dir='ltr'>servabit,</span> <span class='ocrx_word' id='word_1_165' title='bbox 732 4116 771 4174; x_wconf 88' lang='lat' dir='ltr'>St.</span> <span class='ocrx_word' id='word_1_166' title='bbox 792 4118 924 4176; x_wconf 85' lang='lat' dir='ltr'>seruauit.</span> <span class='ocrx_word' id='word_1_167' title='bbox 980 4116 1087 4172; x_wconf 86' lang='lat' dir='ltr'>Deinde</span> <span class='ocrx_word' id='word_1_168' title='bbox 1107 4119 1137 4174; x_wconf 91' lang='lat' dir='ltr'>P.</span> <span class='ocrx_word' id='word_1_169' title='bbox 1157 4131 1210 4174; x_wconf 89' lang='lat' dir='ltr'>om.</span> <span class='ocrx_word' id='word_1_170' title='bbox 1229 4129 1374 4185; x_wconf 87' lang='lat' dir='ltr'>personam</span> <span class='ocrx_word' id='word_1_171' title='bbox 1394 4112 1481 4168; x_wconf 77' lang='lat' dir='ltr'>Chae·</span> 
     </span>
     <span class='ocr_line' id='line_1_32' title="bbox 171 4201 263 4258; baseline 0.022 -2"><span class='ocrx_word' id='word_1_172' title='bbox 171 4201 263 4258; x_wconf 88' lang='lat' dir='ltr'>ribuli.</span> 
     </span>
    </p>

    <p class='ocr_par' dir='ltr' id='par_1_7' title="bbox 168 4289 1508 4983">
     <span class='ocr_line' id='line_1_33' title="bbox 251 4289 1481 4364; baseline 0 -18"><span class='ocrx_word' id='word_1_173' title='bbox 251 4289 286 4349; x_wconf 88' lang='lat' dir='ltr'>V.</span> <span class='ocrx_word' id='word_1_174' title='bbox 305 4291 368 4364; x_wconf 84' lang='lat' dir='ltr'>(St.)</span> <span class='ocrx_word' id='word_1_175' title='bbox 386 4293 488 4348; x_wconf 83' lang='lat' dir='ltr'>Moriar</span> <span class='ocrx_word' id='word_1_176' title='bbox 505 4291 640 4362; x_wconf 82' lang='lat' dir='ltr'>Fidicina,</span> <span class='ocrx_word' id='word_1_177' title='bbox 660 4294 691 4353; x_wconf 88' lang='lat' dir='ltr'>P.</span> <span class='ocrx_word' id='word_1_178' title='bbox 710 4293 837 4349; x_wconf 77' lang='lat' dir='ltr'>Fidicina</span> <span class='ocrx_word' id='word_1_179' title='bbox 855 4311 882 4362; x_wconf 88' lang='lat' dir='ltr'>p.</span> <span class='ocrx_word' id='word_1_180' title='bbox 902 4293 1011 4352; x_wconf 86' lang='lat' dir='ltr'>Servos.</span> <span class='ocrx_word' id='word_1_181' title='bbox 1067 4294 1130 4352; x_wconf 75' lang='lat'>373.</span> <span class='ocrx_word' id='word_1_182' title='bbox 1149 4292 1216 4350; x_wconf 85' lang='lat' dir='ltr'>Pali.</span> <span class='ocrx_word' id='word_1_183' title='bbox 1236 4291 1355 4347; x_wconf 86' lang='lat' dir='ltr'>Honoris</span> <span class='ocrx_word' id='word_1_184' title='bbox 1374 4305 1400 4356; x_wconf 89' lang='lat' dir='ltr'>p.</span> <span class='ocrx_word' id='word_1_185' title='bbox 1419 4289 1481 4346; x_wconf 88' lang='lat' dir='ltr'>Non</span> 
     </span>
     <span class='ocr_line' id='line_1_34' title="bbox 171 4379 1482 4452; baseline 0.002 -20"><span class='ocrx_word' id='word_1_186' title='bbox 171 4379 234 4448; x_wconf 88' lang='lat' dir='ltr'>oris,</span> <span class='ocrx_word' id='word_1_187' title='bbox 253 4380 302 4451; x_wconf 85' lang='lat' dir='ltr'>Lg.</span> <span class='ocrx_word' id='word_1_188' title='bbox 321 4381 384 4438; x_wconf 88' lang='lat' dir='ltr'>Nou</span> <span class='ocrx_word' id='word_1_189' title='bbox 403 4379 479 4438; x_wconf 85' lang='lat' dir='ltr'>foris.</span> <span class='ocrx_word' id='word_1_190' title='bbox 535 4381 643 4436; x_wconf 89' lang='lat' dir='ltr'>Deinde</span> <span class='ocrx_word' id='word_1_191' title='bbox 663 4382 698 4440; x_wconf 90' lang='lat' dir='ltr'>V.</span> <span class='ocrx_word' id='word_1_192' title='bbox 720 4381 781 4452; x_wconf 84' lang='lat' dir='ltr'>(St.)</span> <span class='ocrx_word' id='word_1_193' title='bbox 799 4382 924 4440; x_wconf 90' lang='lat' dir='ltr'>hominis.</span> <span class='ocrx_word' id='word_1_194' title='bbox 1015 4383 1077 4440; x_wconf 79' lang='lat'>374.</span> <span class='ocrx_word' id='word_1_195' title='bbox 1096 4382 1127 4440; x_wconf 92' lang='lat' dir='ltr'>P.</span> <span class='ocrx_word' id='word_1_196' title='bbox 1146 4381 1195 4437; x_wconf 91' lang='lat' dir='ltr'>ubi</span> <span class='ocrx_word' id='word_1_197' title='bbox 1214 4379 1433 4447; x_wconf 81' lang='lat' dir='ltr'>contemplarent</span> <span class='ocrx_word' id='word_1_198' title='bbox 1450 4394 1482 4435; x_wconf 92' lang='lat' dir='ltr'>os</span> 
     </span>
     <span class='ocr_line' id='line_1_35' title="bbox 172 4465 1481 4544; baseline 0.002 -23"><span class='ocrx_word' id='word_1_199' title='bbox 172 4482 250 4522; x_wconf 88' lang='lat' dir='ltr'>suum</span> <span class='ocrx_word' id='word_1_200' title='bbox 270 4469 332 4527; x_wconf 86' lang='lat' dir='ltr'>sibi.</span> <span class='ocrx_word' id='word_1_201' title='bbox 388 4469 450 4527; x_wconf 63' lang='lat'>375.</span> <span class='ocrx_word' id='word_1_202' title='bbox 469 4468 551 4527; x_wconf 86' lang='lat' dir='ltr'>codd.</span> <span class='ocrx_word' id='word_1_203' title='bbox 571 4470 650 4524; x_wconf 87' lang='lat' dir='ltr'>Parei</span> <span class='ocrx_word' id='word_1_204' title='bbox 669 4486 763 4526; x_wconf 89' lang='lat' dir='ltr'>omnes</span> <span class='ocrx_word' id='word_1_205' title='bbox 783 4470 838 4534; x_wconf 86' lang='lat' dir='ltr'>Sed</span> <span class='ocrx_word' id='word_1_206' title='bbox 857 4470 887 4524; x_wconf 93' lang='lat' dir='ltr'>id</span> <span class='ocrx_word' id='word_1_207' title='bbox 905 4471 953 4538; x_wconf 89' lang='lat' dir='ltr'>qui</span> <span class='ocrx_word' id='word_1_208' title='bbox 972 4469 1052 4544; x_wconf 80' lang='lat' dir='ltr'>(Pali.</span> <span class='ocrx_word' id='word_1_209' title='bbox 1072 4475 1166 4526; x_wconf 85' lang='lat' dir='ltr'>tamen</span> <span class='ocrx_word' id='word_1_210' title='bbox 1184 4472 1259 4523; x_wconf 86' lang='lat' dir='ltr'>teste</span> <span class='ocrx_word' id='word_1_211' title='bbox 1278 4465 1355 4525; x_wconf 83' lang='lat' dir='ltr'>Grut.</span> <span class='ocrx_word' id='word_1_212' title='bbox 1374 4465 1433 4523; x_wconf 82' lang='lat' dir='ltr'>Sibi</span> <span class='ocrx_word' id='word_1_213' title='bbox 1448 4467 1481 4524; x_wconf 87' lang='lat' dir='ltr'>id</span> 
     </span>
     <span class='ocr_line' id='line_1_36' title="bbox 171 4555 1482 4627; baseline -0.002 -14"><span class='ocrx_word' id='word_1_214' title='bbox 171 4557 238 4627; x_wconf 88' lang='lat' dir='ltr'>qni),</span> <span class='ocrx_word' id='word_1_215' title='bbox 257 4558 287 4616; x_wconf 91' lang='lat' dir='ltr'>P.</span> <span class='ocrx_word' id='word_1_216' title='bbox 302 4557 403 4626; x_wconf 83' lang='lat' dir='ltr'>idque.</span> <span class='ocrx_word' id='word_1_217' title='bbox 476 4557 724 4617; x_wconf 85' lang='lat' dir='ltr'>Praetereacodd.</span> <span class='ocrx_word' id='word_1_218' title='bbox 744 4559 875 4616; x_wconf 78' lang='lat' dir='ltr'>exhibent</span> <span class='ocrx_word' id='word_1_219' title='bbox 893 4574 991 4614; x_wconf 87' lang='lat' dir='ltr'>versus</span> <span class='ocrx_word' id='word_1_220' title='bbox 1010 4561 1092 4617; x_wconf 86' lang='lat' dir='ltr'>duos:</span> <span class='ocrx_word' id='word_1_221' title='bbox 1122 4558 1178 4616; x_wconf 85' lang='lat' dir='ltr'>Sed</span> <span class='ocrx_word' id='word_1_222' title='bbox 1201 4555 1230 4610; x_wconf 93' lang='lat' dir='ltr'>id</span> <span class='ocrx_word' id='word_1_223' title='bbox 1255 4555 1301 4623; x_wconf 88' lang='lat' dir='ltr'>qni</span> <span class='ocrx_word' id='word_1_224' title='bbox 1325 4557 1482 4624; x_wconf 88' lang='lat' dir='ltr'>perspicere</span> 
     </span>
     <span class='ocr_line' id='line_1_37' title="bbox 169 4645 1507 4718; baseline 0.001 -19"><span class='ocrx_word' id='word_1_225' title='bbox 169 4652 287 4711; x_wconf 87' lang='lat' dir='ltr'>possent</span> <span class='ocrx_word' id='word_1_226' title='bbox 305 4661 353 4702; x_wconf 86' lang='lat' dir='ltr'>nor</span> <span class='ocrx_word' id='word_1_227' title='bbox 372 4645 524 4715; x_wconf 80' lang='lat' dir='ltr'>sapientiae</span> <span class='ocrx_word' id='word_1_228' title='bbox 542 4647 630 4716; x_wconf 86' lang='lat' dir='ltr'>igitur</span> <span class='ocrx_word' id='word_1_229' title='bbox 642 4648 798 4718; x_wconf 84' lang='lat' dir='ltr'>perspicere</span> <span class='ocrx_word' id='word_1_230' title='bbox 810 4647 920 4716; x_wconf 84' lang='lat' dir='ltr'>possint</span> <span class='ocrx_word' id='word_1_231' title='bbox 933 4647 1024 4702; x_wconf 90' lang='lat' dir='ltr'>cordis</span> <span class='ocrx_word' id='word_1_232' title='bbox 1044 4649 1160 4717; x_wconf 84' lang='lat' dir='ltr'>copiam,</span> <span class='ocrx_word' id='word_1_233' title='bbox 1180 4659 1253 4714; x_wconf 84' lang='lat' dir='ltr'>quae</span> <span class='ocrx_word' id='word_1_234' title='bbox 1272 4645 1300 4698; x_wconf 93' lang='lat' dir='ltr'>in</span> <span class='ocrx_word' id='word_1_235' title='bbox 1319 4661 1404 4699; x_wconf 91' lang='lat' dir='ltr'>unum</span> <span class='ocrx_word' id='word_1_236' title='bbox 1422 4659 1507 4700; x_wconf 61' lang='lat' dir='ltr'>ver-s</span> 
     </span>
     <span class='ocr_line' id='line_1_38' title="bbox 171 4733 1507 4806; baseline 0.003 -20"><span class='ocrx_word' id='word_1_237' title='bbox 171 4749 230 4787; x_wconf 88' lang='lat' dir='ltr'>sum</span> <span class='ocrx_word' id='word_1_238' title='bbox 250 4735 383 4792; x_wconf 88' lang='lat' dir='ltr'>contraxi.</span> <span class='ocrx_word' id='word_1_239' title='bbox 457 4735 565 4792; x_wconf 89' lang='lat' dir='ltr'>Deinde</span> <span class='ocrx_word' id='word_1_240' title='bbox 585 4735 638 4792; x_wconf 89' lang='lat' dir='ltr'>huc</span> <span class='ocrx_word' id='word_1_241' title='bbox 657 4737 814 4805; x_wconf 86' lang='lat' dir='ltr'>transposui</span> <span class='ocrx_word' id='word_1_242' title='bbox 834 4753 861 4796; x_wconf 87' lang='lat' dir='ltr'>v.</span> <span class='ocrx_word' id='word_1_243' title='bbox 880 4736 947 4806; x_wconf 77' lang='lat'>376,</span> <span class='ocrx_word' id='word_1_244' title='bbox 977 4738 1024 4806; x_wconf 90' lang='lat' dir='ltr'>qui</span> <span class='ocrx_word' id='word_1_245' title='bbox 1045 4737 1073 4792; x_wconf 91' lang='lat' dir='ltr'>iu</span> <span class='ocrx_word' id='word_1_246' title='bbox 1092 4735 1173 4792; x_wconf 88' lang='lat' dir='ltr'>codd.</span> <span class='ocrx_word' id='word_1_247' title='bbox 1193 4734 1317 4802; x_wconf 89' lang='lat' dir='ltr'>sequitur</span> <span class='ocrx_word' id='word_1_248' title='bbox 1336 4737 1401 4802; x_wconf 87' lang='lat' dir='ltr'>post</span> <span class='ocrx_word' id='word_1_249' title='bbox 1419 4733 1507 4790; x_wconf 80' lang='lat'><strong>383:-</strong></span> 
     </span>
     <span class='ocr_line' id='line_1_39' title="bbox 168 4819 1508 4896; baseline 0.004 -22"><span class='ocrx_word' id='word_1_250' title='bbox 168 4819 297 4878; x_wconf 81' lang='lat' dir='ltr'>Oeterum</span> <span class='ocrx_word' id='word_1_251' title='bbox 317 4836 379 4876; x_wconf 82' lang='lat' dir='ltr'>moa</span> <span class='ocrx_word' id='word_1_252' title='bbox 397 4821 507 4890; x_wconf 85' lang='lat' dir='ltr'>quidem</span> <span class='ocrx_word' id='word_1_253' title='bbox 527 4825 684 4886; x_wconf 83' lang='lat' dir='ltr'>Acidaiius:</span> <span class='ocrx_word' id='word_1_254' title='bbox 704 4824 784 4883; x_wconf 90' lang='lat' dir='ltr'>codd.</span> <span class='ocrx_word' id='word_1_255' title='bbox 805 4825 916 4896; x_wconf 87' lang='lat' dir='ltr'>quidem</span> <span class='ocrx_word' id='word_1_256' title='bbox 935 4841 1005 4885; x_wconf 87' lang='lat' dir='ltr'>mea.</span> <span class='ocrx_word' id='word_1_257' title='bbox 1078 4825 1139 4882; x_wconf 75' lang='lat'>379.</span> <span class='ocrx_word' id='word_1_258' title='bbox 1167 4821 1220 4878; x_wconf 90' lang='lat' dir='ltr'>Vel</span> <span class='ocrx_word' id='word_1_259' title='bbox 1239 4837 1292 4892; x_wconf 86' lang='lat' dir='ltr'>ego</span> <span class='ocrx_word' id='word_1_260' title='bbox 1311 4821 1359 4889; x_wconf 84' lang='lat' dir='ltr'>qui</span> <span class='ocrx_word' id='word_1_261' title='bbox 1378 4822 1508 4880; x_wconf 87' lang='lat' dir='ltr'>dudum·</span> 
     </span>
     <span class='ocr_line' id='line_1_40' title="bbox 169 4908 1202 4983; baseline 0.011 -21"><span class='ocrx_word' id='word_1_262' title='bbox 169 4908 309 4981; x_wconf 84' lang='lat' dir='ltr'>Guyetus:</span> <span class='ocrx_word' id='word_1_263' title='bbox 330 4909 412 4966; x_wconf 86' lang='lat' dir='ltr'>codd.</span> <span class='ocrx_word' id='word_1_264' title='bbox 431 4909 482 4964; x_wconf 89' lang='lat' dir='ltr'>Uei</span> <span class='ocrx_word' id='word_1_265' title='bbox 501 4914 582 4979; x_wconf 86' lang='lat' dir='ltr'>quasi</span> <span class='ocrx_word' id='word_1_266' title='bbox 602 4920 713 4983; x_wconf 83' lang='lat' dir='ltr'>egomet</span> <span class='ocrx_word' id='word_1_267' title='bbox 731 4917 779 4982; x_wconf 88' lang='lat' dir='ltr'>qni</span> <span class='ocrx_word' id='word_1_268' title='bbox 798 4913 872 4972; x_wconf 89' lang='lat' dir='ltr'>dum.</span> <span class='ocrx_word' id='word_1_269' title='bbox 1196 4913 1202 4922; x_wconf 83' lang='lat'>&#39;</span> 
     </span>
    </p>
   </div>
   <div class='ocr_carea' id='block_1_7' title="bbox 0 0 1816 5658">
    <p class='ocr_par' dir='ltr' id='par_1_8' title="bbox 0 0 1816 5658">
     <span class='ocr_line' id='line_1_41' title="bbox 0 0 1816 5658; baseline 0 0"><span class='ocrx_word' id='word_1_270' title='bbox 0 0 1816 5658; x_wconf 95' lang='lat' dir='ltr'> </span> 
     </span>
    </p>
   </div>
  </div>
 </body>
</html>
